1737 2765
724 153 1074 190 MENAECHMI
1492 153 1555 190 lv,
1580 152 1609 188 ii

559 262 747 301 sollicitos
767 270 953 312 patronos
974 263 1133 300 habent.

236 331 373 369 datum
395 330 591 379 denegant
612 328 720 378 quod
741 328 877 366 datum
899 335 968 373 est,
991 326 1115 365 litium
1137 327 1254 377 pleni,
1278 340 1434 377 rapaces

613 392 698 440 uiri,
719 391 968 438 fraudulenti,

236 458 302 510 qui
323 467 391 498 aut
411 460 570 509 faenore
589 465 656 496 aut
677 456 848 508 peiiuriis
869 457 1015 496 habent
1036 470 1116 495 rem
1138 465 1324 507 paratam,

128 532 217 576 584·
612 535 723 561 mens
743 529 802 560 est
822 522 862 560 in
882 535 963 572 quo
1020 537 1039 557 ια
1586 542 1593 563 ,
1603 541 1621 572 5

151 596 214 641 585
289 588 345 628 eis
366 588 433 628 ubi
453 588 596 628 dicitur
615 588 711 635 dies,
734 587 849 626 simul
871 587 1044 638 patronis
1065 587 1217 635 dicitur,

450 653 598 704 quippe
617 652 685 703 qui
705 666 776 704 pro
798 652 871 691 illis
891 652 1088 703 loquimur
1108 666 1209 703 quae
1230 654 1331 691 male
1352 653 1524 691 fecerunt
1546 669 1551 691 :

395 727 464 758 aut
482 720 534 758 ad
555 720 746 769 populum
766 726 834 756 aut
854 717 893 756 in
915 718 996 756 iure
1015 726 1082 756 aut
1102 719 1152 756 ad
1175 717 1344 756 iudicem
1366 726 1451 756 rcst.

234 783 336 823 sicut
357 797 420 823 me
440 783 561 823 hodie
580 782 687 821 nimi’
708 782 919 822 sollicitum
940 782 1062 822 cliens
1082 782 1244 833 quidam
1266 782 1403 821 habuit
1423 797 1552 833 neque

1327 849 1433 898 quod
1455 849 1561 886 uolui

288 928 403 966 agere
422 922 490 953 aut
509 914 670 964 quicum
691 913 890 960 licitumst,
913 913 966 951 ita
986 914 1077 951 med
1097 912 1239 960 attinit,
1259 913 1312 951 ita
1331 912 1480 951 detinit.
1583 924 1623 948 20

149 989 218 1026 590
234 980 342 1030 apud
361 979 499 1018 aedilis
520 993 591 1030 pro
611 978 694 1018 eius
715 978 826 1017 factis
847 978 1118 1028 plurumisque
1139 977 1411 1028 pessumisque

234 1043 363 1084 deixei
382 1057 576 1092 caussam,
591 1043 848 1083 condiciones
869 1042 980 1082 tetuli
1000 1050 1130 1089 tortaS‚
1153 1044 1401 1094 confragosas
1418 1059 1424 1081 :

233 1116 303 1149 aut
320 1110 410 1160 plus
428 1116 497 1149 aut
517 1108 638 1148 minu’
661 1122 781 1160 quam
802 1121 902 1159 opus
922 1115 1003 1147 erat
1023 1109 1131 1147 dicto
1151 1107 1323 1146 dixeram
1341 1108 1563 1146 controuor-

1391 1173 1502 1220 siam,
1522 1181 1563 1211 ut

450 1239 613 1292 sponsio
634 1241 753 1279 fieret.
812 1239 908 1290 quid
929 1239 980 1277 ill'
1002 1238 1069 1289 qui
1089 1239 1274 1289 praedem
1296 1237 1436 1277 dedit?

235 1319 310 1345 nec
330 1306 453 1357 magis
474 1307 739 1345 manufestum
761 1318 834 1356 ego
855 1304 1058 1344 hominem
1086 1306 1274 1353 umquam
1299 1304 1421 1341 ullum
1443 1303 1562 1341 teneri
1587 1312 1624 1344 ²5

1460 1367 1540 1407 uidi
1558 1383 1565 1406 :

149 1435 213 1474 595
235 1424 421 1465 omnibus
443 1427 544 1464 male
563 1425 675 1464 factis
695 1432 814 1464 testes
834 1432 910 1463 tres
930 1425 1093 1463 aderant
1112 1421 1312 1462 acerrumi.

504 1490 545 1530 di
566 1490 675 1529 illum
696 1503 835 1530 omnes
856 1490 1033 1540 perdant,
1056 1489 1110 1527 ita
1129 1487 1225 1527 mihi

149 1558 216 1603 596
503 1557 610 1595 hunc
630 1555 750 1595 hodie
770 1554 985 1605 corrumpit
1005 1554 1123 1601 diem,

505 1634 648 1671 meque
667 1622 781 1668 adeo,
803 1622 871 1670 qui
891 1619 1010 1658 hodie
1031 1621 1157 1657 sorum

149 1697 215 1734 597
504 1699 694 1736 umquam
714 1685 838 1724 oculis
858 1684 1008 1735 inspexi
1030 1673 1140 1722 meisi
1585 1698 1627 1730 30

503 1751 610 1790 diem
632 1751 787 1801 corrupi
813 1749 817 1802 Ι
844 1757 1077 1801 optumum:

149 1821 215 1866 598
295 1867 300 1871 .
505 1816 599 1855 iussi
619 1815 796 1867 apparari
816 1814 1036 1866 prandium,

504 1881 632 1921 amica
651 1888 851 1932 exspectat
872 1894 948 1928 me,
968 1879 1059 1918 scio.

278 1987 342 2027 582
365 1986 475 2027 pleni.
489 1996 522 2025 r.
542 2009 550 2016 .
566 1985 630 2026 atis
645 1984 679 2014 A
771 1986 851 2025 584¹
877 1994 992 2026 mense
1007 1983 1039 2013 in
1057 1992 1126 2023 quo
1143 1983 1192 2013 ire
1209 1982 1260 2013 P:
1281 1999 1324 2006 —
1342 1981 1463 2021 nquola
1477 1999 1517 2004 —
1530 1981 1563 2011 A

235 2031 300 2070 585
326 2030 383 2061 Lis
401 2029 517 2072 [uiris]
534 2028 569 2059 P
582 2029 624 2067 (L
638 2033 699 2069 pro
716 2028 760 2067 E)
866 2028 930 2067 586
953 2026 1305 2067 loquanturP<10qua
1319 2039 1334 2052 ψ
1351 2039 1366 2053 φ
1382 2024 1444 2065 ΒῙ)
1458 2036 1464 2056 :
1479 2025 1560 2064 sort.

236 2075 409 2115 loquamur
476 2072 620 2104 fecerint
635 2071 670 2102 P
719 2082 850 2103 versum
867 2071 935 2102 secl.
955 2070 1134 2101 Hermann
1230 2070 1293 2108 587
1316 2069 1404 2109 apud
1421 2067 1562 2099 aedilem

235 2127 290 2149 res
311 2121 363 2149 est
377 2117 412 2148 A
431 2117 546 2157 (anap.
567 2115 647 2147 dim.
665 2126 741 2146 cum
762 2115 829 2146 colo
846 2114 1016 2149 Reiziano,
1037 2117 1073 2144 ut
1091 2112 1170 2153 vid.)
1179 2113 1260 2153 sort.
1287 2116 1369 2150 recte,
1392 2123 1471 2141 uam
1493 2116 1562 2142 rest

236 2161 305 2200 (res
322 2165 375 2192 est
391 2161 491 2192 etiam
507 2159 552 2200 P)
569 2163 754 2199 suspectum
893 2159 957 2198 588
982 2158 1081 2188 minis
1100 2156 1134 2187 Ρ
1269 2156 1333 2195 589
1357 2161 1412 2186 aut
1429 2155 1560 2194 quicum

236 2203 378 2235 thschl:
402 2204 447 2244 ait
463 2213 509 2243 qu
527 2227 534 2235 .
552 2213 651 2243 quam
673 2202 706 2232 A
727 2203 761 2243 (ι’.
775 2213 801 2234 e.
820 2201 885 2233 hau
911 2201 1108 2242 quiquam3)
1126 2213 1132 2231 :
1158 2200 1290 2240 quicum
1319 2198 1352 2228 P
1428 2198 1562 2228 attinuit

235 2248 281 2279 ita
304 2247 447 2279 detinuit
462 2246 497 2278 P
511 2246 625 2288 (anap.
646 2246 834 2286 septenar.]‚
850 2245 882 2276 A
898 2256 929 2276 n.
946 2245 964 2275 I.
1114 2254 1178 2283 590
1202 2253 1262 2283 pro
1280 2242 1366 2282 eius]
1385 2241 1520 2281 proeliis
1533 2240 1566 2271 P

235 2292 329 2332 (corr.
344 2290 410 2332 3²)
536 2299 596 2330 591
624 2290 729 2321 detuli
741 2288 827 2320 AB²
954 2299 1017 2328 592
1041 2298 1106 2327 qua
1119 2288 1150 2318 A
1223 2286 1330 2316 suerat
1344 2285 1375 2315 A
1457 2282 1562 2323 dicto]

234 2335 340 2366 multo
355 2333 389 2365 P
495 2334 544 2366 vel
557 2334 780 2365 controrsiam
904 2341 971 2372 593
994 2332 1044 2363 vel
1058 2332 1123 2362 illic
1248 2330 1405 2369 praedam
1423 2327 1496 2358 ΡΟ)
1512 2326 1561 2356 Β“·’

234 2389 298 2419 594
312 2378 393 2418 sort.
419 2387 599 2418 numquam
690 2377 782 2407 illum
805 2376 838 2407 A
929 2376 1031 2415 deficit
1046 2374 1079 2404 A
1103 2384 1202 2414 usque
1220 2373 1267 2403 ad
1276 2384 1305 2404 v.
1326 2381 1408 2410 1005
1496 2371 1561 2408 596

235 2422 386 2462 corrupit
402 2421 450 2452 3²
547 2430 610 2460 597
629 2420 704 2451 miis
719 2419 786 2452 cod.
808 2420 958 2458 (antiqua
967 2418 1098 2459 sorum)
1192 2419 1272 2457 597⁸
1295 2415 1442 2454 corrupit
1460 2413 1561 2443 Bothe
