1737 2765
731 141 1084 180 MENAECHMI
1540 145 1567 182 1.
1589 143 1618 180 ii

159 261 223 307 ¹⁶5
244 254 352 306 (ΡΕ.)
492 267 510 287 ια
677 259 836 302 captum
857 251 905 289 sit
925 252 1145 302 collegium.
1592 267 1631 298 55

247 321 361 359 ΜΕΝ.
393 319 562 369 agedum
584 318 749 356 odorare
766 318 868 355 hanc
888 330 1007 366 quam
1029 330 1102 367 ego
1123 317 1251 355 habeo
1272 318 1425 367 pallam.
1476 317 1571 367 quid

1237 383 1345 419 olet?
1373 381 1573 430 apstine-s?

244 451 313 489 PE.
346 461 545 488 summurn
567 447 775 485 olefactare
795 454 950 496 oportet
972 446 1251 485 uestimentum
1275 446 1472 491 muliebre,

244 527 336 553 nam
357 526 404 552 ex
425 512 523 551 istoc
545 513 634 550 loco
655 519 858 562 spurcatur
879 524 1017 550 nasum
1039 512 1160 550 odore
1182 511 1333 549 inlutili.

245 580 360 617 ΜΕΝ.
401 578 545 616 olfacta
583 575 699 626 igitur
737 575 839 621 hinc,
878 575 1075 615 Peniculo.
1153 575 1282 626 lepide
1320 583 1361 613 ut
1401 574 1573 613 fastidis!

1348 642 1414 677 PE.
1447 641 1570 677 dccet.

162 721 228 758 170
246 709 361 746 ΜΕΝ.
402 706 499 758 quid
545 705 692 757 igitur?
739 704 834 755 quid
869 705 977 743 olet?
1023 706 1228 756 responde.
1308 706 1374 742 PE.
1416 705 1570 751 furtum,
1592 707 1633 739 60

1145 780 1329 818 scortum,
1353 771 1573 822 prandium.

245 839 316 879 tibi
337 841 448 879 fuant
667 852 685 872 *
907 852 924 871 *
1183 851 1199 870 *

247 907 363 945 ΜΕΝ.
395 905 597 951 elocutu’s,
620 917 712 942 nam
861 915 879 935 *
1011 915 1029 934 *
1179 917 1197 936 *
1318 899 1576 952 (prandium.)

246 983 353 1009 nunc
373 971 424 1009 ad
443 969 612 1008 amicam
633 970 829 1008 deferetur
849 968 952 1006 hanc
973 967 1215 1005 meretricem
1239 966 1427 1004 Erotium.

248 1035 358 1083 mihi,
373 1034 444 1074 tibi
465 1042 585 1084 atque
605 1034 660 1072 illi
680 1033 829 1073 iubebo
849 1032 926 1071 iarn
947 1031 1123 1082 apparari
1145 1031 1365 1082 prandium.
1408 1033 1476 1069 PE.
1500 1044 1548 1069 eu
1568 1034 1575 1069 1

164 1112 227 1150 175
249 1102 365 1140 ΜΕΝ.
397 1100 492 1139 inde
512 1112 638 1150 usque
657 1100 709 1138 ad
730 1098 912 1138 diurnam
934 1098 1086 1136 stellam
1111 1096 1318 1135 crastinam
1339 1095 1572 1146 potabimus.
1595 1096 1636 1138 65

249 1168 317 1205 PE.
351 1164 418 1220 [eu
437 1163 462 1219 l]

247 1231 430 1283 expedite
450 1230 668 1270 fabulatu’s.
728 1229 806 1268 iam
827 1230 930 1268 fores
950 1227 1075 1267 ferio?
1132 1229 1246 1266 ΜΕΝ.
1279 1226 1359 1266 feri.

248 1299 313 1337 uel
329 1311 446 1336 mane
461 1296 591 1336 etiam.
643 1298 712 1335 PE.
746 1295 851 1334 mille
867 1307 1026 1346 passum
1043 1294 1318 1332 commoratu⁷s
1335 1293 1575 1331 cantharum.

249 1364 365 1402 ΜΕΝ.
398 1361 553 1414 placide
583 1362 703 1412 pulta.
764 1362 832 1398 PE.
866 1359 1019 1407 metuis,
1051 1359 1180 1405 credo,
1212 1372 1262 1397 ne
1293 1359 1394 1396 fores
1426 1356 1579 1395 Samiae

1465 1428 1576 1460 Sient.

104 1494 232 1540 179-80
250 1493 369 1532 ΜΕΝ.
401 1505 529 1539 mane,
553 1504 671 1531 mane
691 1503 857 1542 opsecro
884 1490 1038 1529 hercle:
1069 1501 1186 1539 eapse
1212 1500 1345 1527 eccam
1367 1487 1454 1525 exit.
1504 1486 1579 1523 oh!

1324 1554 1447 1592 solem
1469 1551 1580 1590 uides

249 1622 350 1662 satin
371 1630 414 1662 ut
433 1629 684 1662 occaecatust
705 1633 797 1672 prae
817 1620 935 1659 huius
955 1619 1129 1671 corporis
1149 1618 1416 1658 candoribus?
1601 1627 1641 1657 50

286 1735 549 1773 EROTIVM
662 1732 984 1769 PEN1CVLvs
1095 1726 1542 1767 MENAECHMVSI
1598 1727 1642 1764 iii

250 1818 326 1856 ER.
357 1815 503 1855 Anime
533 1813 598 1863 mi,
629 1813 906 1860 Menaechme,
938 1813 1057 1851 salue.
1117 1812 1185 1849 PE.
1218 1810 1314 1860 quid
1343 1809 1447 1858 ego?
1504 1808 1578 1845 ER.

1057 1884 1165 1915 extra
1184 1887 1390 1914 numerum
1411 1886 1452 1912 es
1473 1871 1578 1911 mihi.

252 1949 322 1988 PE.
353 1947 459 1988 idem
480 1945 582 1986 istuc
600 1945 687 1985 aliis
706 1943 956 1996 adscriptiuis
977 1942 1058 1982 fieri
1078 1943 1130 1981 ad
1149 1940 1343 1992 legionem
1365 1940 1473 1978 solet.

298 2052 357 2092 167
383 2062 437 2093 op.
451 2050 613 2083 olfactare
631 2049 739 2092 (olf-
750 2048 791 2089 P,
809 2048 843 2079 A
862 2059 894 2080 n.
914 2048 953 2088 Ι.)
975 2048 1114 2087 Guietus,
1134 2045 1193 2077 sed
1211 2044 1249 2076 de
1265 2039 1374 2075 olef—
1390 2042 1426 2081 cs.
1445 2039 1580 2072 Skutsch

253 2095 386 2131 (Philol.
398 2105 450 2136 59,
465 2095 546 2135 504)
647 2094 709 2125 168
725 2093 855 2124 modori
867 2091 908 2132 P,
920 2092 952 2122 A
966 2103 998 2123 n.
1015 2092 1034 2122 l.
1049 2092 1143 2132 (corr.
1158 2089 1217 2129 ΒΞ)
1307 2083 1561 2118 inlutiliR1'tscl1l
1572 2094 1579 2113 :

252 2139 408 2171 inlutibili
424 2139 516 2170 codd.
532 2137 638 2169 Nonii
649 2148 714 2178 394
730 2148 737 2168 :
762 2136 909 2168 inlucido
924 2136 964 2176 P,
981 2135 1014 2165 A
1034 2146 1064 2166 n.
1085 2135 1105 2166 l.
1123 2147 1130 2166 ε
1156 2132 1288 2164 mucido
1303 2129 1433 2161 Colvius
1522 2128 1581 2165 169

251 2183 376 2216 difacta
388 2183 551 2224 P(Dpro
564 2182 615 2220 O;
638 2183 682 2214 vi.
700 2182 733 2222 ι)
749 2192 755 2212 :
780 2180 831 2212 vel
844 2179 990 2211 olefacta
1101 2187 1171 2218 171,
1189 2187 1249 2217 ¹72
1266 2186 1330 2206 om.
1345 2173 1393 2204 P:
1419 2173 1451 2202 in
1468 2171 1500 2201 A
1519 2181 1581 2200 ser-

250 2231 329 2259 vata
341 2227 474 2268 vestigia
553 2236 614 2265 172
636 2224 815 2266 prandium
831 2222 950 2254 addidi
964 2223 1024 2263 (iii.
1048 2223 1101 2261 11)
1193 2231 1252 2260 174
1272 2229 1314 2250 eu
1328 2228 1393 2249 om.
1408 2215 1441 2246 P
1521 2223 1580 2252 175

251 2270 455 2303 diurnumP
525 2274 704 2310 potaumus
721 2267 938 2308 (poterimus)
954 2267 988 2297 A
1051 2276 1092 2296 eu
1108 2276 1173 2296 om.
1191 2264 1224 2295 P
1238 2263 1290 2303 (cf
1307 2273 1336 2293 v.
1355 2261 1430 2300 174)
1515 2258 1581 2307 '17⁸6

251 2314 338 2346 serio
354 2315 442 2354 fores
461 2313 492 2344 A
514 2317 638 2348 (contra
656 2311 815 2352 metrum)
939 2319 1065 2350 177-92
1086 2315 1192 2350 pauca
1209 2311 1339 2338 tantum
1356 2305 1389 2335 in
1401 2305 1578 2343 posterioru—

251 2358 312 2390 bus
326 2368 482 2390 versuum
492 2356 643 2398 partibus
657 2355 691 2386 A
830 2355 889 2393 178
912 2354 1024 2385 scient
1040 2352 1074 2383 P
1087 2352 1138 2393 (cs.
1160 2351 1236 2392 188)
1364 2357 1434 2386 179,
1458 2346 1517 2376 180
1539 2343 1580 2391 ³.b

251 2412 291 2434 se
306 2412 387 2434 ecca
398 2401 440 2442 P,
458 2400 492 2431 A
512 2412 544 2432 n.
561 2399 583 2432 l.
675 2398 754 2430 uide
769 2397 803 2428 A
807 2397 944 2428 cidalius
1030 2399 1106 2427 ante
1120 2395 1207 2426 hunc
1220 2403 1348 2425 versum
1361 2390 1446 2421 alius
1455 2387 1580 2418 Loeuw

251 2446 287 2477 in
305 2446 336 2477 A
355 2449 462 2477 extare
475 2444 568 2476 visus
582 2447 629 2474 est
643 2443 684 2474 ab
696 2442 712 2472 s
722 2460 766 2467 —
781 2441 934 2482 ina'piens
1069 2440 1128 2478 183
1152 2439 1193 2469 ad
1211 2437 1377 2476 legionem
1397 2432 1468 2463 fieri
1485 2430 1517 2460 P
