1737 2765
34 158 125 196 1141
528 155 575 191 T.
610 152 791 192 MACCI
823 151 1027 190 PLAVTI

609 391 847 440 ACTVS
900 391 949 438 11

2 527 92 567 II.i
334 529 733 565 MENAECHMVS
765 526 806 563 II
920 525 1216 562 MESSEN10

112 612 228 649 ΜΕΝ.
259 610 453 659 Voluptas
474 609 617 647 nullast
637 606 791 654 nauitis‚
816 605 1030 652 Messenio,
1089 628 1095 633 ·

112 675 236 714 maior
257 688 346 713 meo
366 674 500 713 animo
521 686 640 724 quarn
661 685 784 723 quom
805 671 851 710 ex
870 673 951 710 alto
971 672 1108 721 procul

112 748 253 780 terram
274 739 535 790 conspiciunt.
596 740 702 776 MEs.
735 736 869 783 maior,
892 749 974 774 non
995 735 1126 774 dicam
1146 735 1254 783 dolo,

111 806 224 857 quasi
243 804 461 845 adueniens
482 811 622 843 terram
643 803 780 842 uideas
801 815 903 853 quae
924 800 1038 840 fuerit
1059 808 1136 839 tua.

74 881 92 914 5
113 873 182 910 sed
203 883 383 921 quaesso,
405 869 665 920 quamobrem
687 881 793 906 nunc
816 866 1085 918 Epidamnum
1106 865 1319 905 uenimus?

110 951 162 976 an
183 935 294 987 quasi
315 948 420 974 mare
441 934 569 973 omnis
590 932 842 973 circumimus
862 932 1009 971 insulas
1024 933 1042 970 Ρ

114 1004 231 1040 ΜΕΝ.
261 1002 417 1039 fratrem
438 999 659 1050 quaesitum
680 998 882 1049 geminum
902 1010 1133 1048 germanum
1154 1009 1298 1035 meum.

116 1069 220 1105 MEs.
253 1079 345 1105 nam
366 1065 463 1116 quid
483 1064 593 1105 modi
612 1066 786 1103 futurum
807 1071 866 1102 est
886 1063 995 1102 illurn
1017 1063 1233 1113 quaerere?

115 1132 180 1171 hic
199 1145 326 1170 annus
347 1138 477 1170 sextus
498 1137 556 1169 est
576 1137 787 1180 postquam
808 1129 843 1168 ei
864 1128 916 1167 rei
939 1142 1099 1179 operam
1119 1129 1271 1167 damus.

58 1209 98 1233 10
118 1197 286 1244 Histros,
311 1196 525 1247 Hispanos,
549 1194 819 1241 Massiliensis,
842 1194 1032 1241 Hilurios,

116 1276 223 1301 mare
243 1275 428 1312 superum
448 1274 568 1299 omne
588 1260 875 1311 Graeciamque
895 1259 1088 1299 exoticam

115 1341 282 1378 orasque
304 1325 461 1365 Italicas
482 1324 621 1373 omnis,
644 1338 723 1375 qua
741 1324 967 1376 adgreditur
987 1338 1105 1371 mare,

116 1394 242 1431 sumu'
263 1390 527 1430 circumuecti.
586 1391 618 1428 si
637 1403 764 1437 acum,
787 1391 917 1436 credo,
941 1402 1158 1440 quaereres,

116 1471 232 1496 acum
253 1456 482 1503 inuenisses,
505 1455 560 1494 sei
580 1463 796 1506 appareret,
819 1455 896 1494 iam
917 1455 996 1494 diu.

59 1536 97 1568 15
117 1522 321 1562 hominem
341 1522 441 1560 inter
460 1521 574 1560 uiuos
594 1521 859 1571 quaeritamus
880 1528 1077 1560 mortuom
1092 1535 1103 1568 3

115 1602 208 1627 nam
228 1587 516 1626 inuenissemus
537 1586 615 1624 iam
636 1586 718 1634 diu,
739 1586 795 1625 sei
815 1586 978 1625 uiueret.

115 1655 230 1692 ΜΕΝ.
253 1651 354 1703 'ergo
374 1651 474 1690 istuc
495 1664 641 1702 quaero
661 1659 811 1690 certum
832 1651 899 1701 qui
919 1651 1035 1690 faciat
1057 1650 1164 1698 mihi,

115 1719 208 1769 quei
228 1731 313 1757 sese
333 1717 462 1756 deicat
483 1717 580 1756 scire
600 1731 690 1756 eum
712 1731 797 1756 esse
818 1724 1064 1756 emortuom:

117 1797 277 1835 operam
298 1790 497 1833 praeterea
517 1796 736 1833 numquam
757 1796 910 1821 sumam
931 1795 1128 1833 quaerere.

57 1862 98 1884 20
117 1863 254 1888 uerum
275 1849 385 1887 aliter
405 1848 519 1887 uiuos
539 1862 758 1899 numquam
778 1848 967 1887 desistam
987 1846 1158 1898 exsequi.

117 1928 191 1966 ego
210 1914 321 1953 illurn
341 1913 423 1953 scio
443 1927 563 1964 quam
583 1913 692 1953 cordi
713 1913 762 1952 sit
782 1927 893 1953 carus
914 1927 1015 1953 meo.

94 2002 98 2007 »ν
119 1982 224 2018 MEs.
257 1979 296 2017 in
318 1978 445 2029 scirpo
466 1980 618 2018 nodum
638 1978 803 2028 quaeris.
861 1977 958 2029 quin
979 1991 1051 2017 nos
1072 1977 1165 2017 hinc
1185 1978 1350 2017 domum

119 2043 291 2083 redimus
312 2043 386 2081 nisi
408 2043 439 2081 si
459 2042 662 2082 historiam
683 2042 862 2093 scripturi
882 2056 1017 2081 sumus
1030 2044 1048 2081 ?

163 2148 228 2177 226
251 2146 375 2177 nullast
390 2146 546 2185 uoluptas
561 2146 595 2176 P
724 2156 787 2185 227
812 2145 930 2186 quom]
948 2145 1006 2185 qui
1022 2144 1112 2177 codd.
1128 2143 1355 2219 Lathad
1365 2143 1450 2176 Stat.

124 2190 216 2221 Theb.
229 2201 259 2229 2,
277 2200 355 2230 194:
380 2200 458 2229 qum
471 2189 514 2220 P:
529 2190 612 2229 sort.
631 2200 732 2228 quom
746 2190 756 2220 i
769 2190 830 2229 (ei)
981 2189 1174 2229 228-9fere
1189 2188 1260 2219 nihi
1304 2189 1404 2229 gitur
1416 2188 1450 2218 A

119 2234 183 2265 228
199 2233 412 2273 prospiciunt
424 2232 525 2273 Lact.⁷
541 2233 574 2262 A
588 2244 619 2264 n.
632 2233 654 2264 l.
779 2243 843 2272 229
866 2243 965 2272 quam
977 2234 1005 2263 si
1017 2231 1057 2273 P,
1074 2232 1163 2263 codd.
1184 2231 1293 2263 Lact.:
1315 2231 1428 2271 q—-A
1445 2242 1452 2262 :

117 2278 146 2308 si
166 2279 245 2318 (om.
265 2278 380 2317 quam)
397 2276 466 2307 edd.
556 2277 747 2316 conspicias
763 2276 850 2307 codd.
863 2276 952 2307 Lace.
1088 2285 1197 2314 230-9
1206 2275 1334 2316 priores
1343 2279 1456 2316 partes

119 2321 315 2362 legunturA
467 2329 530 2358 234
555 2320 604 2350 vel
611 2324 757 2351 sextust:
781 2325 898 2351 sextus
914 2319 947 2349 A
1039 2319 1070 2349 ei
1087 2320 1135 2350 rei
1154 2319 1313 2350 Gruterus
1327 2331 1335 2350 :
1352 2319 1401 2349 ire
1418 2319 1453 2349 hi

117 2366 157 2404 P,
176 2365 210 2395 A
229 2376 262 2395 n.
281 2364 300 2395 l.
454 2373 520 2403 239
544 2364 610 2394 iarn
624 2363 835 2394 Gulielmius:
861 2368 928 2394 tam
946 2362 986 2401 P,
1002 2362 1036 2392 A
1055 2373 1088 2393 n.
1105 2362 1128 2393 l.
1290 2373 1354 2401 242
1377 2361 1452 2402 qui]

118 2409 199 2448 quid
219 2409 252 2448 id
275 2410 304 2439 A
324 2408 351 2448 (ἓ
357 2412 420 2448 pro
437 2407 492 2447 qui
510 2406 559 2439 idl
713 2408 777 2446 246
792 2407 840 2438 vel
854 2406 955 2437 illunc
1039 2416 1137 2437 carus
1154 2406 1196 2437 sit
1212 2406 1307 2437 cordi
1323 2416 1400 2438 meo
1415 2406 1449 2437 A

118 2461 248 2491 247-55
267 2451 457 2492 posteriores
470 2454 578 2491 partes
593 2450 747 2490 leguntur
769 2449 793 2480 4

1463 881 1532 916 230

1465 1206 1532 1242 235

1467 1531 1535 1564 240

1467 1860 1533 1898 245
