1737 2765
735 139 1087 179 MENAECHMI
1522 150 1607 188 11.i

252 250 366 288 ΜΕΝ.
398 247 548 288 dictum
571 248 748 295 facessas,
772 250 908 288 datum
930 250 1024 298 edis,
1047 264 1187 290 caueas
1210 256 1322 292 malo.

162 327 232 363 250
250 315 437 353 molestus
459 327 507 352 ne
529 312 592 360 sis,
615 326 695 351 non
717 321 785 351 tuo
806 315 881 352 hoc
904 315 968 353 fiet
991 317 1121 355 modo.
1181 319 1286 357 Mus.
1317 333 1379 358 em
1397 323 1404 358 !
1596 338 1634 369 ²5

247 378 338 418 illoc
358 378 463 417 enim
485 378 608 417 uerbo
629 391 714 416 esse
736 391 799 416 me
819 392 973 418 seruom
996 381 1087 419 scio.

246 457 326 482 non
348 442 475 494 potuit
495 442 630 493 paucis
651 444 761 493 plura
783 445 898 493 plane
918 446 1133 496 proloquei.

246 523 383 548 uerum
405 517 537 548 tamen
558 508 716 558 nequeo
736 509 927 548 contineri
949 510 1043 560 quin
1064 513 1211 562 loquar.

244 574 378 622 audin,
402 575 698 614 Menaechme?
726 587 846 624 quom
869 574 1033 625 inspicio
1055 578 1333 629 marsuppium,

160 656 226 693 255
246 639 418 679 uiaticati
440 641 568 678 hercle
588 640 808 678 admodum
829 640 976 679 aestiue
997 655 1142 681 sumus.
1592 663 1634 694 30

244 718 295 744 ne
315 712 356 743 tu
377 706 521 752 hercle,
541 704 693 755 opinor,
716 704 790 742 nisi
811 705 974 744 domum
997 708 1212 755 reuorteriS,

243 770 311 810 ubi
331 770 428 809 nihil
449 769 626 817 habebis,
648 769 850 820 geminum
872 771 964 808 dum
988 773 1152 821 quaeris,
1175 787 1320 824 gemes.

243 850 335 875 narn
356 835 408 874 ita
428 843 486 874 est
506 836 604 875 haec
625 835 833 873 hominum
854 835 960 873 natio
977 852 983 874 :
1014 836 1054 874 in
1075 837 1346 888 Epidamnieis

243 901 450 952 uoluptarii
471 908 590 951 atque
612 908 810 951 potatores
832 901 1027 939 maxumei
1044 916 1053 949 3

156 970 225 1004 260
242 974 326 1005 turn
347 967 614 1017 sycophantae
634 973 672 1004 et
693 966 914 1016 palpatores
935 966 1128 1016 plu‘rumei
1591 979 1630 1012 35

241 1031 281 1071 in
301 1031 398 1071 urbe
418 1033 491 1070 hac
512 1030 691 1069 habitant
708 1045 718 1078 ;
748 1038 832 1068 turn
854 1031 1074 1070 meretrices
1096 1032 1277 1072 mulieres

240 1111 435 1148 nusquam
457 1096 712 1147 perhibentur
732 1095 956 1134 blandiores
976 1097 1163 1147 gentium.

239 1170 445 1214 propterea
464 1161 556 1200 huic
578 1161 688 1200 urbei
710 1174 857 1199 nomen
880 1161 1105 1211 Epidamno
1126 1162 1342 1209 inditumst,

239 1227 332 1278 quia
351 1241 471 1266 nemo
491 1229 612 1266 ferme
632 1228 710 1265 huc
731 1225 815 1265 sine
835 1227 983 1264 damno
1004 1227 1231 1266 deuortitur.

154 1298 219 1344 265
241 1294 357 1332 MEN.
388 1306 462 1343 ego
482 1292 581 1331 istuc
602 1292 766 1330 cauebo.
826 1292 1024 1330 cedodum
1046 1293 1123 1330 huc
1144 1292 1239 1330 mihi
1264 1294 1541 1344 marsuppium.
1585 1309 1628 1340 40

239 1360 345 1398 MES.
377 1358 474 1409 quid
490 1372 538 1397 eo
556 1357 668 1396 ueis?
727 1359 843 1395 ΜΕΝ.
875 1356 953 1394 iam
969 1370 1038 1407 aps
1055 1364 1092 1395 te
1109 1365 1242 1396 metuo
1258 1359 1308 1397 de
1329 1358 1458 1397 uerbis
1479 1358 1565 1398 tuis.

237 1424 342 1462 MES.
375 1423 472 1474 quid
494 1422 664 1462 metuis?
722 1424 837 1460 MEN.
870 1435 921 1460 ne
941 1421 1038 1460 mihi
1054 1423 1244 1461 damnum
1266 1422 1306 1461 in
1324 1423 1548 1473 Epidamno

1466 1487 1564 1528 duis.

235 1551 277 1582 tu
298 1542 421 1594 magis
440 1549 592 1582 amator
612 1541 819 1580 mulierum
841 1555 896 1590 es,
918 1541 1130 1589 Messenio,

234 1621 308 1659 ego
327 1615 460 1648 autern
480 1608 602 1647 homo
622 1607 844 1654 iracundus,
866 1606 987 1646 animi
1007 1606 1148 1657 perditi
1163 1620 1172 1654 3

147 1687 216 1723 270
232 1672 273 1713 id
294 1680 517 1724 utrumque,
539 1680 744 1724 argentum
765 1673 928 1723 quando
949 1667 1116 1718 habebo,
1139 1684 1294 1719 cauero,
1580 1685 1622 1717 45

231 1752 282 1778 ne
301 1746 344 1778 tu
363 1739 572 1789 delinquas
592 1751 694 1777 neue
714 1751 788 1788 ego
807 1737 950 1776 irascar
969 1736 1051 1776 tibi.

231 1805 338 1843 MES.
369 1818 467 1856 cape
486 1812 605 1854 atque
625 1816 749 1842 serua.
808 1816 871 1841 me
892 1802 1053 1840 lubente
1073 1801 1218 1841 feceris.

242 1915 574 1954 CerNDRvs
674 1914 1077 1952 MENAECHMvs
1108 1911 1150 1949 II
1250 1907 1602 1950 MEssssNloii

230 1997 303 2035 (jv.
335 1997 445 2035 Bene
465 1995 658 2046 opsonaui
677 2003 797 2047 atque
817 2009 863 2034 ex
885 2008 972 2033 mea
992 1991 1196 2039 sententia,

229 2062 380 2101 bonum
399 2069 639 2112 anteponam
662 2061 873 2112 prandium
893 2058 1157 2111 pransoribus.

1636 2138 1638 2140 ’
1655 2142 1658 2143 ’
1696 2143 1723 2151 «-

1228 2166 1292 2197 253
1317 2157 1366 2187 vel
1383 2155 1557 2186 continere
1622 2144 1734 2185 ''⁹²⁶2’'

1277 2210 1339 2239 257
1365 2208 1505 2239 quaeres
1521 2197 1555 2227 A

1337 2244 1402 2273 260
1424 2242 1510 2282 pluri
1528 2241 1560 2270 P

271 2169 336 2200 250
353 2160 412 2200 siat
427 2160 461 2190 A
524 2160 574 2193 vel
588 2161 666 2192 hem
758 2170 817 2200 251
845 2158 935 2190 enim
957 2162 1139 2200 suspectum

227 2213 292 2243 255
314 2203 435 2235 aestiui
459 2204 493 2235 A
601 2206 666 2244 256
688 2204 739 2235 vel
757 2204 859 2244 opino
933 2201 1137 2234 reuortereis
1152 2200 1186 2230 A

226 2247 291 2287 258
315 2246 408 2278 natio
430 2246 622 2288 epidamnia
642 2248 648 2289 Ι
670 2248 757 2279 Nam
777 2248 823 2279 ita
841 2251 894 2278 est
916 2246 978 2277 hec
995 2246 1167 2278 hominum
1184 2244 1217 2275 P

225 2291 289 2330 264
306 2301 372 2330 qua
387 2290 421 2321 A
483 2291 559 2323 sine
577 2292 699 2322 damno
716 2292 781 2322 huc
797 2291 829 2321 A
922 2291 986 2329 265
1003 2290 1084 2320 mihi
1102 2288 1211 2319 hucP
1295 2287 1421 2317 266-81
1435 2285 1557 2326 priores

221 2338 331 2375 partes
345 2334 501 2376 leguntur
523 2335 557 2366 A
695 2336 756 2374 267
782 2334 856 2365 duis
872 2333 1074 2364 Beroaldus:
1105 2333 1166 2362 dus
1182 2330 1221 2370 P,
1241 2330 1273 2360 A
1293 2341 1325 2360 n.
1344 2329 1363 2360 I.
1383 2329 1471 2370 (dias
1487 2327 1553 2375 3⁴³).

224 2379 288 2410 268
311 2388 455 2418 magnus
473 2377 508 2409 P
637 2380 701 2418 269
725 2378 892 2409 iracundis
908 2376 1014 2416 P(-is
1031 2381 1094 2416 pro
1115 2385 1188 2411 —us;
1222 2375 1264 2405 vi.
1292 2374 1323 2414 1)
1434 2371 1552 2411 perciti

222 2421 356 2463 Lipsius
481 2432 546 2462 270
569 2422 703 2453 habebo
719 2420 881 2462 Pylades:
904 2420 1013 2451 habeo
1027 2419 1066 2459 P,
1083 2418 1115 2450 A
1135 2429 1166 2450 n.
1185 2418 1207 2449 l.
1334 2426 1396 2456 272
1421 2415 1552 2445 iubente

222 2464 262 2505 P,
282 2466 315 2497 A
334 2477 366 2499 n.
385 2466 407 2498 l.
