1737 2765
766 159 1118 197 MENAFs'lml
1554 161 1633 199 &21

277 281 396 318 quem
418 270 459 307 tri
480 267 682 306 hominem
703 267 831 318 (med)
849 267 1033 305 arbitrere
1055 268 1188 305 nescio
1207 283 1217 316 3

190 346 255 383 745
276 347 351 384 ego
372 342 409 372 tc
430 333 561 383 simitu
583 332 675 371 noui
698 346 787 371 cum
813 334 1045 370 Porthamw
1618 348 1658 379 45

280 400 362 436 MA.
394 398 423 436 si
447 412 509 436 nic
530 397 697 443 derides,
719 405 758 435 at
780 398 844 447 pol
868 398 973 435 illuni
997 412 1075 435 non
1103 407 1225 448 potr-s,

278 472 425 513 patrem
449 476 580 501 mcum
602 462 668 512 qui
692 464 769 499 huc
791 463 963 500 aduenit.
1025 463 1117 512 quin
1146 463 1336 512 respicis?

276 527 448 566 nouistin
471 536 511 565 tu
534 527 674 565 illum?
733 529 845 564 Mizx.
879 528 969 564 noui
993 542 1081 565 cuni
1106 530 1252 565 (alcha
1274 528 1411 566 simul:

275 595 419 633 eodem
439 593 504 631 die
525 591 634 630 illum
656 591 738 631 uidi
760 606 840 642 quo
860 601 898 630 te
918 601 1008 630 ante
1030 594 1135 630 hunc
1156 593 1272 631 diem.

190 671 260 709 750
278 659 364 697 ΜΛ.
395 671 514 708 negas
535 656 695 696 nouisse
716 658 811 695 me?
840 670 958 706 negas
980 665 1128 707 patrem
1150 670 1279 695 mcum
1298 659 1314 695 ?
1622 673 1662 705 50

278 724 394 762 MEN.
427 722 533 762 idem
554 723 684 761 hercle
705 720 835 761 dicam
857 723 888 759 si
908 733 1026 760 auom
1047 721 1107 760 uis
1127 723 1334 760 adduct-rc.

277 790 361 827 MA.
393 795 546 827 ecastor
565 787 706 837 pariter
726 788 803 825 hoc
822 795 940 836 atque
959 787 1054 825 alias
1075 800 1134 826 res
1154 788 1266 826 soles.

350 900 535 938 SENl-:x
649 900 930 936 MATRONA
1043 900 1440 936 MExAizcqu‘s
1481 901 1518 937 II
1616 901 1644 936 ii

276 982 342 1020 SE.
373 982 428 1019 Vt
445 989 554 1019 aetas
575 993 663 1019 mea
682 987 741 1018 est
760 987 880 1029 atque
901 988 942 1018 ut
962 981 1038 1018 hoc
1060 979 1144 1017 usu’
1162 980 1267 1017 facto
1287 987 1345 1018 est

274 1047 440 1097 gradum
461 1037 904 1096 proferamerogrediri
926 1045 1155 1095 properabo.

187 1120 254 1158 755
275 1112 347 1150 sed
366 1110 407 1150 id
427 1124 547 1162 quam
568 1110 665 1148 mihi
685 1110 799 1149 facile
820 1110 867 1148 sit
885 1111 961 1148 hau
983 1123 1069 1148 sum
1091 1111 1220 1148 falsus.

274 1189 367 1214 nam
387 1175 596 1226 pernicitas
617 1174 762 1214 deserit
782 1190 788 1213 :
819 1175 994 1214 consitus
1015 1188 1102 1214 sum

274 1249 488 1290 senectute,
510 1248 698 1280 onustum
719 1254 811 1291 gero
832 1241 975 1291 corpu’,
999 1240 1100 1279 uires
1624 1251 1640 1282 5

274 1306 466 1357 reliquere
483 1321 491 1345 :
521 1314 563 1344 ut
584 1313 692 1344 aetas
713 1307 816 1344 mala
836 1313 895 1344 est
912 1308 918 1344 !
951 1319 1053 1344 mers
1074 1307 1176 1344 mala
1196 1314 1333 1356 ergost.

276 1385 368 1411 nam
389 1384 448 1411 res
468 1372 668 1422 plurumas
689 1383 906 1421 pessumas,
929 1383 1051 1421 quom
1071 1370 1244 1417 aduenit,
1266 1371 1330 1408 ad-

187 1437 258 1481 760
274 1438 371 1485 -fert‚
394 1450 492 1488 quas
512 1437 544 1475 si
563 1444 767 1476 autumem
788 1436 928 1483 omnis,
951 1435 1067 1474 nimis
1088 1437 1218 1486 longu'
1239 1443 1413 1474 sti-most.

274 1503 345 1541 sed
364 1503 464 1541 haec
483 1515 544 1541 res
563 1501 661 1540 mihi
681 1500 721 1540 in
742 1508 902 1552 pectore
922 1509 960 1540 et
980 1502 1100 1540 corde
1120 1509 1286 1547 curaest‚

380 1567 572 1618 quidnam
592 1567 669 1605 hoc
690 1567 739 1605 sit
759 1566 892 1616 negoti
912 1567 1024 1617 quod
1044 1566 1099 1605 sic
1120 1565 1199 1604 filia
1623 1577 1662 1600 ιο

381 1639 544 1682 repente
563 1631 710 1682 expetit
730 1631 804 1679 me,
827 1639 870 1670 ut
888 1632 940 1670 ad
961 1644 1046 1670 sese
1066 1631 1172 1670 irem.

166 1698 255 1742 763³
382 1710 458 1736 nec
476 1696 574 1747 quid
594 1696 635 1735 id
655 1696 704 1735 sit
724 1695 820 1734 mihi
841 1696 983 1735 certius
1004 1696 1105 1742 facit,
1128 1695 1225 1745 quid

435 1761 542 1801 uelit.
596 1761 693 1812 quid
714 1775 778 1800 me
796 1760 989 1800 accersit?

169 1830 259 1873 764⁸
274 1840 414 1866 uerum
433 1828 724 1878 propemodum
744 1826 822 1865 iarn
843 1826 925 1865 scio
945 1826 1042 1877 quid
1062 1826 1134 1865 siet
1153 1825 1218 1865 rei.

186 1895 254 1940 765
274 1893 395 1932 credo
413 1905 506 1932 cum
525 1892 612 1931 uiro
631 1891 797 1942 litigium
818 1899 955 1930 natum
975 1904 1060 1930 esse
1079 1890 1252 1941 aliquod.
1621 1899 1660 1930 ¹5

272 1956 328 1996 ita
346 1956 466 1996 istaec
486 1958 625 2005 solent,
647 1970 750 2008 quae
770 1956 874 1996 uiros
894 1955 1115 2007 supseruire

272 2021 348 2061 sibi
367 2024 579 2073 postulant,
601 2023 697 2062 dote
716 2023 846 2069 fretae,
870 2022 1029 2061 feroces.

273 2094 313 2126 et
331 2086 386 2126 illi
405 2101 566 2138 quoque
585 2088 693 2127 haud
713 2086 912 2138 apstinent
932 2099 1049 2136 saepe
1069 2087 1195 2137 culpa.

336 2201 378 2230 44
416 2191 579 2222 arbitrere
618 2190 746 2221 Luchs:
788 2190 951 2221 arbitrare
985 2189 1049 2219 cod.
1195 2199 1248 2220 me
1266 2189 1279 2230 <
1282 2188 1331 2220 vel
1363 2189 1452 2219 medl
1487 2188 1603 2219 addidi

272 2232 490 2278 (hominum)
507 2235 677 2266 hominem
695 2233 793 2277 (me)
806 2233 932 2264 Om'ons
1066 2234 1128 2272 748
1151 2243 1216 2264 om.
1234 2238 1270 2263 tu
1288 2231 1376 2263 codd.
1393 2232 1554 2262 Prisciani
1570 2242 1595 2270 ι,

273 2287 339 2318 239
449 2289 512 2318 749
535 2278 605 2309 uidi
622 2278 714 2309 illum
730 2277 809 2309 ΡΟ)
931 2288 994 2316 750
1008 2277 1044 2316 cs.
1065 2276 1213 2316 L1·udsay
1223 2275 1326 2315 praef.
1346 2277 1378 2305 in
1397 2274 1485 2315 capt.
1507 2285 1536 2314 p.
1556 2276 1596 2313 64

273 2330 338 2362 754
361 2321 521 2362 progredi
538 2321 603 2353 cod.
621 2321 655 2364 (i.
675 2321 709 2361 7)
896 2331 959 2361 755
985 2320 1081 2351 facilc
1101 2325 1172 2360 (pro
1193 2319 1277 2350 facul
1290 2322 1314 2357 ἒ)
1338 2319 1380 2349 sit
1400 2333 1402 2337 ν
1419 2324 1480 2358 pro
1495 2319 1595 2357 εἰς-Η)

273 2365 357 2396 mihi
373 2364 461 2397 cod.:
487 2365 558 2397 trai.
579 2365 684 2396 Bothe
783 2365 912 2404 759—60
937 2365 1000 2394 fert
1016 2363 1060 2394 B¹
1181 2364 1244 2402 760
1267 2362 1366 2402 quas]
1385 2372 1443 2391 cas
1462 2360 1601 2401 Spcngcl

274 2409 337 2447 762
361 2408 429 2440 filia
451 2409 500 2439 sic
524 2408 589 2441 cod.
609 2420 617 2440 :
640 2409 711 2440 irai.
736 2407 877 2449 Spengel
1007 2408 1068 2446 763
1092 2406 1142 2437 ml
1155 2406 1229 2436 med
1362 2406 1422 2445 764
1447 2408 1596 2435 accersat

273 2451 460 2482 Lambinus
593 2453 655 2492 765
680 2452 786 2491 litigi.
805 2476 812 2483 .
830 2476 836 2482 .
858 2450 983 2490 aliquid
1009 2449 1150 2490 Spengel
1151 2450 1231 2488 sort.
1253 2452 1327 2478 recle
