1737 2765
5 162 120 201 III.i
528 160 575 198 T.
609 158 789 198 MACCI
821 158 1025 196 PLAVTI

110 271 202 310 ibo:
231 271 448 310 etiamnum
470 269 719 320 reliquiarum
741 282 830 319 spes
850 267 1026 307 animum
1047 266 1219 305 oblectat
1240 277 1384 303 meum.

109 337 180 375 sed
201 335 296 386 quid
317 349 390 386 ego
412 335 558 373 uideo?
615 335 903 373 Menaechmus
923 346 1013 371 cum
1035 344 1182 370 corona
1201 329 1278 368 exit
1297 330 1411 368 foras.

110 401 308 439 sublatum
329 407 387 438 est
408 398 649 446 conuiuium,
673 399 815 448 edepol
836 397 954 436 uenio
974 398 1187 435 aduorsum
1208 393 1383 444 temperi.

49 480 89 502 20
109 465 331 516 opseruabo
351 464 447 515 quid
468 470 556 514 agat
576 462 790 502 hominem.
850 470 939 512 post
959 461 1079 500 adibo
1098 468 1216 510 atque
1236 459 1437 509 adloquar.
1458 460 1525 506 465

59 579 89 615 ii
332 575 731 612 MENAECHMVS
776 573 828 610 II
942 573 1263 609 PENlcVLvs

111 657 229 695 ΜΕΝ.
261 655 401 694 Potine
422 663 464 693 ut
485 654 694 705 quiescas?
724 667 797 704 ego
817 652 888 691 tibi
909 653 1011 691 hanc
1032 650 1152 690 hodie
1172 649 1296 701 probe

110 721 319 772 lepideque
340 720 616 759 concinnatam
637 720 801 757 referam
822 716 998 768 temperi.

30 790 59 833 ’7,
111 800 192 826 non
213 787 300 824 faxo
321 798 407 823 eam
428 798 513 823 esse
533 784 665 823 dices:
696 783 748 822 ita
769 782 1021 833 ignorabitur.

113 852 182 889 PE.
213 851 356 900 pallam
377 850 428 888 ad
448 848 706 899 phrygionem
728 849 799 886 fert
820 848 1003 886 confecto
1023 844 1189 896 prandio

72 930 89 961 5
111 915 286 965 uinoque
305 922 460 964 expoto‚
482 913 651 964 parasito
672 914 831 951 excluso
850 913 966 951 foras.
1458 919 1528 955 470

111 994 192 1020 non
213 981 342 1019 hercle
363 979 393 1017 is
414 992 500 1017 sum
522 978 590 1029 qui
610 992 709 1025 sum,
732 977 772 1016 ni
800 977 804 1029 Ι
829 978 931 1016 hanc
952 976 1132 1015 iniuriam

111 1059 254 1096 meque
275 1046 378 1084 ultus
398 1045 559 1095 pulchre
580 1045 702 1082 fuero.
759 1056 926 1093 opserua
945 1042 1041 1092 quid
1062 1041 1180 1080 dabo.

114 1113 229 1150 ΜΕΝ.
261 1124 332 1161 pro
353 1110 393 1149 di
414 1109 639 1148 inmortales
656 1112 662 1146 !
693 1109 788 1158 quoi
808 1106 959 1146 homini
980 1119 1170 1157 umquam
1191 1117 1272 1144 uno
1291 1104 1357 1144 die
1459 1116 1579 1154 473—4

114 1176 210 1216 boni
231 1175 394 1215 dedistis
414 1176 501 1225 plus
522 1174 589 1224 qui
610 1174 731 1212 minu’
751 1172 994 1224 sperauerit?
1460 1181 1527 1219 475

56 1255 94 1278 10
114 1241 264 1293 prandi,
286 1240 432 1292 potaui,
455 1247 627 1278 scortum
648 1238 827 1286 accubui,
849 1237 991 1289 apstuli

114 1308 227 1354 hanc,
250 1305 406 1357 quoiius
426 1307 538 1345 heres
559 1303 869 1363 numquam—erit
889 1311 978 1354 post
997 1304 1104 1342 hunc
1123 1301 1242 1342 diem.

114 1373 184 1410 PE.
216 1384 372 1421 nequeo
393 1383 494 1421 quae
514 1369 687 1420 loquitur
706 1368 889 1408 exaudire
909 1369 1132 1427 clangulum
1148 1381 1159 1415 3

115 1444 221 1476 satur
241 1449 347 1475 nunc
366 1435 539 1486 loquitur
559 1436 609 1474 de
630 1448 693 1473 me
713 1441 752 1473 et
772 1435 822 1473 de
842 1432 941 1484 parti
961 1433 1078 1471 mea?

118 1504 233 1541 ΜΕΝ.
265 1501 318 1540 ait
338 1502 440 1539 hanc
460 1499 617 1539 dedisse
638 1513 701 1538 me
721 1499 795 1537 sibi
815 1506 934 1549 atque
954 1488 1041 1537 eam
1062 1510 1174 1536 meae
1465 1496 1540 1538 480

57 1579 96 1611 15
117 1566 226 1606 uxori
247 1565 500 1616 surrupuisse.
559 1563 749 1615 quoniam
769 1563 896 1602 sentio

116 1645 254 1679 errare,
275 1631 483 1680 extemplo,
506 1629 618 1679 quasi
638 1642 698 1667 res
719 1642 810 1667 cum
831 1641 877 1667 ea
897 1634 999 1666 esset
1020 1626 1127 1675 mihi,

116 1696 229 1747 coepi
248 1694 444 1734 adsentari
461 1710 467 1733 :
498 1693 637 1732 mulier
657 1693 852 1744 quidquid
872 1692 1030 1740 dixerat,

115 1761 222 1801 idem
242 1775 315 1812 ego
335 1760 529 1800 dicebam.
588 1759 684 1810 quid
706 1758 837 1797 multis
857 1757 987 1797 uerbis
1006 1755 1187 1810 (opust)?

117 1826 268 1865 minore
288 1838 483 1876 nusquam
505 1825 606 1863 bene
627 1824 682 1862 fui
702 1823 923 1874 dispendio.
1465 1827 1532 1874 485

58 1907 98 1929 20
118 1894 187 1930 PE.
219 1891 338 1930 adibo
358 1891 409 1929 ad
430 1891 645 1937 hominem,
668 1903 760 1927 nam
780 1889 936 1928 turbare
955 1888 1090 1939 gestio.

119 1958 232 1995 ΜΕΝ.
257 1955 344 2006 quis
364 1955 428 1993 hie
449 1962 506 1993 est
527 1954 595 2005 qui
612 1955 805 1993 aduorsus
825 1953 854 1992 it
874 1953 1000 1992 mihi?
1037 1944 1109 1992 Pia,
1130 1952 1226 2004 quid
1241 1952 1308 2001 ais,
1326 1954 1449 1992 homo

160 2061 224 2100 462
249 2060 449 2099 reliquarum
468 2059 500 2089 A
580 2069 634 2090 me
651 2058 685 2089 P
770 2060 899 2099 463-70
907 2058 1093 2100 posteriores
1099 2061 1210 2098 partes
1215 2057 1286 2097 fere
1296 2057 1454 2098 leguntur

117 2104 150 2135 A
225 2104 288 2143 463
308 2103 398 2135 Men.
422 2103 512 2143 cum]
537 2103 774 2134 menechmum
794 2102 828 2133 P
927 2104 990 2142 465
1011 2105 1088 2143 post
1106 2112 1135 2133 v.
1160 2111 1267 2141 473-4
1289 2100 1323 2131 Ρ
1341 2101 1390 2142 (ii.
1412 2102 1448 2139 6)

118 2149 184 2187 466
207 2152 244 2178 ut
261 2147 333 2179 Ital.
351 2159 358 2178 ε
384 2152 465 2178 neut
481 2146 521 2186 P,
542 2146 575 2176 A
591 2158 623 2178 n.
643 2146 663 2178 l.
789 2147 871 2187 ego]
889 2147 991 2178 sedeo
1007 2145 1042 2176 P
1147 2144 1449 2204 471Qhercule

117 2190 227 2234 (ego)
244 2191 273 2222 is
288 2190 415 2221 Rz'tsclzl
429 2190 477 2231 (A
499 2201 529 2221 n.
547 2190 582 2230 l.)
590 2191 672 2230 sort.
693 2194 769 2222 recte
833 2190 884 2222 vel
899 2191 964 2221 nisi
1089 2199 1152 2228 472
1175 2187 1290 2219 uultus
1306 2187 1341 2219 P
1354 2187 1448 2229 (corr.

118 2235 183 2276 13²)
265 2244 330 2274 475
347 2238 425 2275 post
440 2235 504 2273 476
520 2232 553 2263 P
568 2234 619 2274 (cf
637 2233 684 2264 ad
697 2245 725 2265 v.
742 2233 822 2276 465)
904 2243 966 2274 477
991 2232 1107 2274 heres]
1124 2232 1251 2276 referes
1267 2231 1301 2262 A
1385 2242 1451 2273 479

68 2280 74 2286 ’
119 2292 187 2314 om.
203 2281 237 2312 A
259 2282 400 2322 (propter
412 2281 595 2312 homoeotel.
616 2281 664 2312 iii.
685 2281 738 2321 11)
829 2281 894 2320 480
915 2279 1012 2322 (me)
1028 2290 1125 2311 meae
1141 2280 1255 2317 Bothe,
1273 2279 1327 2311 cui
1339 2278 1451 2310 hiatus

119 2327 154 2357 in
168 2331 278 2366 pausa
305 2325 445 2366 displicet
575 2325 703 2364 483-97
723 2329 832 2365 pauca
856 2325 891 2356 in
914 2324 1016 2355 initials
1042 2324 1198 2364 leguntur
1215 2322 1250 2354 A
1385 2323 1449 2363 484

121 2374 221 2410 opust
237 2368 314 2400 add.
331 2369 470 2409 Pylades
487 2367 534 2409 (A
554 2378 589 2399 n.
607 2368 645 2408 l.)
801 2368 864 2408 487
889 2368 1052 2399 aduersus
1076 2368 1102 2399 it
1128 2367 1298 2407 Gruterus,
1322 2366 1449 2398 Bothe:

121 2414 299 2445 aduersum
315 2413 360 2444 sit
376 2411 417 2452 P,
435 2411 468 2442 A
488 2422 520 2443 n.
537 2411 557 2443 l.
