1737 2765
734 149 1085 188 MENAECHMI
1522 155 1571 192 11.
1596 155 1623 190 ii

157 274 227 310 300
246 258 314 310 qui
333 258 501 298 amicam
524 260 647 298 habes
667 273 772 298 eram
795 274 923 299 meam
945 263 1046 300 hanc
1071 262 1278 302 Erotium?

247 325 363 362 ΜΕΝ.
395 337 525 374 neque
546 325 676 363 hercle
696 338 768 375 ego
789 325 918 364 habco
940 339 1068 377 neque
1089 335 1126 365 te
1147 328 1234 377 quis
1255 330 1375 367 homo
1391 328 1441 366 sis
1462 328 1552 367 scio.
1617 330 1622 334 ”

245 389 318 428 Cv.
350 402 431 427 non
451 389 526 427 scis
547 388 634 439 quis
655 402 728 441 ego
749 389 836 437 sim,
856 390 922 440 qui
945 390 1014 429 tibi
1033 391 1275 442 saepissume

246 453 442 504 cyathisso
460 455 567 504 apud
588 467 674 501 nos,
695 456 856 504 quando
877 457 1018 505 potas?
1075 458 1179 495 Mes.
1212 457 1245 496 ei
1268 457 1374 505 mihi,
1593 475 1635 506 30

246 531 369 569 quom
390 519 487 557 nihil
507 527 566 558 est
585 519 653 570 qui
675 519 753 571 Q
773 520 923 559 homini
945 521 1205 560 dimminuam
1227 530 1344 573 caput
1362 526 1369 561 !

158 594 224 632 305
248 585 364 623 ΜΕΝ.
395 591 466 623 tun
486 584 722 634 cyathissare
744 585 838 623 mihi
860 587 974 633 soles,
997 586 1063 637 qui
1083 595 1174 625 ante
1195 588 1301 625 hunc
1322 587 1427 626 diem

247 649 516 700 Epidamnum
537 663 754 700 numquam
777 650 858 689 uidi
880 664 1009 701 neque
1030 651 1151 690 ueni?
1207 654 1277 691 Cv.
1310 654 1458 702 negas?

247 716 363 753 ΜΕΝ.
394 728 496 765 nego
516 716 646 754 hercle
667 728 773 754 uero.
833 716 904 755 Cv.
937 730 1018 755 non
1039 725 1079 755 tu
1102 717 1139 755 in
1161 717 1282 756 illisce
1301 717 1467 756 aedibus

245 779 430 818 habitas?
463 781 578 818 ΜΕΝ.
601 780 642 818 di
659 777 745 819 illos
760 780 942 820 homines
958 781 1025 831 qui
1040 780 1151 834 ἰωῇ]
1169 782 1346 821 habitant
1363 783 1546 833 perduint
1566 786 1572 821 ἶ
1593 798 1631 828 35

246 844 318 884 Cv.
350 844 493 883 insanit
514 845 753 896 hicquidem,
777 845 845 896 qui
866 846 949 896 ipse
970 848 1071 885 male
1091 847 1187 886 dicit
1206 847 1291 886 sibi.

156 921 228 958 310
243 909 377 959 audin,
397 911 691 950 Menaechme?
748 913 863 949 ΜΕΝ.
886 911 983 961 quid
1004 912 1092 950 uis?
1147 913 1218 952 Cv.
1251 912 1281 951 si
1300 926 1361 951 me
1377 914 1570 960 consulas,

244 988 452 1014 nummum
473 975 584 1014 illurn
605 989 725 1026 quern
746 976 842 1014 mihi
864 977 1017 1015 dudum
1041 977 1248 1027 pollicitu⁷s
1268 978 1361 1017 dare

245 1038 356 1092 (nam
377 1048 418 1079 tu
439 1040 601 1091 quidem
622 1043 752 1080 hercle
773 1049 881 1080 certo
901 1054 980 1079 non
1003 1043 1131 1080 sanu’s
1151 1041 1254 1089 satis,

247 1107 522 1154 Menaechme,
545 1106 613 1157 qui
634 1119 740 1144 nunc
760 1106 867 1157 ipsus
889 1108 991 1145 male
1011 1107 1119 1145 dicas
1140 1106 1228 1158 tibi)
1592 1120 1634 1151 40

113 1184 224 1223 314·5
245 1170 392 1218 iubeas,
414 1171 447 1210 si
467 1171 605 1222 sapias,
628 1173 835 1222 porculum
855 1172 996 1210 adferri
1017 1171 1098 1210 tibi.

247 1238 352 1275 MES.
384 1248 436 1275 eu
454 1237 585 1275 hercle
607 1236 811 1276 hominem
835 1238 1004 1275 multum
1025 1244 1064 1275 et
1084 1236 1268 1276 odiosum
1290 1236 1385 1276 mihi
1403 1239 1410 1276 !

243 1293 321 1342 ΟΥ]
347 1302 447 1340 solet
468 1301 586 1340 iocari
606 1315 724 1352 saepe
744 1315 901 1340 mecum
922 1301 1014 1341 illoc
1034 1303 1165 1341 modo.

242 1379 362 1417 quam
382 1365 442 1405 uis
462 1366 649 1406 ridiculus
670 1374 740 1414 est,
763 1366 831 1405 ubi
852 1380 948 1406 uxor
968 1380 1048 1406 non
1069 1368 1190 1406 adest.

242 1430 340 1482 quid
357 1431 415 1471 ais
435 1433 507 1470 tu?
563 1431 661 1482 quid
680 1432 747 1480 ais,
771 1431 946 1483 inquam.
1006 1432 1107 1471 satin
1128 1434 1205 1471 hoc
1224 1434 1333 1483 quod
1354 1431 1465 1472 uides
1591 1441 1631 1473 45

156 1509 226 1545 320
242 1496 357 1536 tribu’
377 1496 492 1537 uobis
512 1505 801 1548 opsonatumst,
820 1511 871 1536 an
892 1511 1046 1548 opsono
1064 1497 1244 1549 amplius,

244 1561 316 1601 tibi
334 1569 373 1601 et
393 1562 563 1613 parasito
583 1570 621 1601 et
642 1562 824 1602 mulieri?
881 1565 997 1602 MEN.
1030 1576 1127 1613 quas
1149 1561 1224 1615 [tu]
1246 1562 1437 1610 mulieres,

242 1640 343 1678 quos
363 1634 404 1666 tu
425 1627 614 1678 parasitos
634 1629 825 1678 loquere?
882 1629 986 1667 MEs.
1019 1629 1128 1678 quod
1149 1635 1186 1667 te
1206 1636 1314 1678 urget
1334 1629 1460 1666 scelus

241 1691 309 1744 qui
329 1692 421 1732 huic
441 1692 493 1732 sis
513 1692 732 1732 molestus?
787 1693 858 1733 Cv.
892 1693 988 1744 quid
1009 1693 1079 1732 tibi
1101 1706 1256 1732 mecum
1278 1701 1335 1732 est
1354 1693 1438 1732 rei?

241 1771 316 1810 ego
335 1766 374 1798 te
393 1771 474 1797 non
494 1758 588 1797 noui
606 1774 613 1797 :
642 1771 734 1797 cum
755 1759 831 1797 hoc
852 1772 972 1809 quern
993 1758 1086 1797 noui
1107 1759 1269 1797 fabulor.
1590 1770 1632 1802 50

153 1839 219 1877 325
243 1825 348 1863 MEs.
380 1837 462 1863 non
482 1825 625 1874 edepol
646 1825 687 1862 t1'1
708 1825 830 1863 homo
850 1837 969 1863 sanus
989 1837 1042 1871 es,
1064 1831 1171 1863 certo
1191 1823 1283 1863 scio.

242 1889 315 1930 Cv.
346 1889 424 1928 iam
444 1903 536 1940 ergo
556 1890 655 1928 haec
675 1889 894 1928 madebunt
915 1890 1014 1937 faxo,
1038 1889 1091 1927 nil
1112 1888 1336 1928 morabitur.

241 1953 355 2005 proin
376 1962 418 1993 tu
437 1967 488 1994 ne
507 1967 588 2005 quo
607 1954 727 1993 abeas
746 1954 901 2005 longius
921 1955 971 1994 ab
991 1954 1167 1993 aedibus.

283 2069 350 2099 300
372 2058 497 2090 habeas
513 2057 548 2089 P
674 2067 735 2098 301
764 2068 828 2098 ego
844 2069 910 2089 om.
930 2058 964 2088 P
1047 2059 1102 2098 qui
1124 2058 1169 2098 A,
1187 2058 1245 2089 sed
1257 2058 1293 2098 cf.
1313 2057 1448 2098 Seyffert
1464 2057 1564 2097 χΒενΙ.

239 2102 326 2134 Phil.
352 2102 459 2134 Woch.
482 2111 530 2141 13,
550 2101 629 2143 279)
733 2111 863 2142 303-42
888 2101 1012 2133 deestA
1119 2112 1182 2142 303
1205 2107 1294 2133 totas
1310 2101 1377 2132 cod.
1394 2104 1483 2141 (corr.
1502 2100 1567 2140 B2)

239 2155 303 2186 305
325 2145 421 2178 Tunc
436 2146 503 2177 cod.
527 2146 620 2186 (corr.
635 2145 670 2176 in
686 2145 734 2186 Β)
867 2147 932 2186 308
956 2145 1060 2177 habes
1075 2145 1219 2186 Seyffert,
1236 2143 1386 2186 rhythmo
1403 2144 1569 2174 consulens

238 2200 304 2230 que
320 2189 386 2221 cod.
407 2189 501 2231 (corr.
516 2189 579 2230 13²)
668 2199 733 2229 309
749 2189 885 2229 quidem
902 2189 1035 2230 Bentley
1049 2201 1055 2220 :
1080 2190 1236 2230 equidem
1253 2188 1318 2219 cod.
1386 2188 1458 2227 ipse
1469 2187 1542 2217 Ital.
1560 2197 1567 2217 :

238 2233 272 2265 id
289 2243 326 2264 se
341 2233 407 2265 cod.
430 2233 477 2275 (D
489 2238 551 2274 pro
567 2233 609 2274 P)
626 2245 633 2264 :
656 2233 707 2264 vel
719 2234 812 2274 ipsus
915 2234 980 2271 316
996 2243 1038 2264 eu
1057 2233 1288 2264 Camerarius:
1313 2237 1346 2262 tu
1364 2231 1427 2262 cod.
1447 2230 1489 2268 (T
1508 2234 1569 2269 pro

240 2276 267 2308 E
281 2288 288 2313 :
311 2277 354 2309 vi.
377 2279 409 2318 ¹)
469 2278 526 2308 vix
539 2276 679 2308 hercule
767 2286 832 2316 319
847 2277 927 2316 quid
944 2277 995 2308 ais
1012 2277 1032 2308 i.
1049 2277 1246 2309 Goldbacher
1260 2275 1378 2317 (W'en.
1398 2273 1495 2305 stud.
1516 2283 1563 2321 1⁸9,

242 2322 342 2360 117):
367 2321 423 2360 qui
440 2321 494 2352 uis
509 2321 530 2352 i.
551 2320 615 2352 cod.
635 2333 642 2352 :
665 2320 745 2360 quid
763 2321 816 2351 uis
832 2321 852 2351 i.
867 2320 942 2352 Ital.
1033 2321 1115 2360 quid
1133 2321 1183 2352 ais
1204 2322 1261 2351 tu?
1287 2317 1377 2350 nm.
1397 2317 1485 2357 Quid
1505 2326 1565 2353 uis,

239 2364 375 2404 inquam
392 2364 453 2395 (ΞΥ.
472 2364 550 2405 (CY.
569 2364 645 2396 add.
662 2364 755 2398 Ital.)
773 2363 875 2394 Bothe
1018 2374 1079 2404 321
1107 2369 1141 2395 tu
1159 2364 1216 2394 del.
1235 2362 1374 2402 Pylades
1428 2379 1437 2388 ι
1502 2369 1566 2398 322

241 2409 404 2448 paratitos
420 2407 486 2440 cod.
633 2418 696 2447 327
721 2407 764 2438 ab
779 2405 916 2449 (hisce)
932 2406 1024 2448 Ber,
1044 2418 1126 2438 nam
1143 2407 1276 2446 longius
1292 2407 1473 2446 suspectum

284 2478 405 2501 ΡιΑντ.
424 2478 434 2499 1
1435 2463 1475 2491 25
