1737 2765
751 136 1105 174 MENAECHMI
1540 139 1583 176 V.
1605 138 1635 176 ii

265 247 381 285 MEN.
403 245 499 296 quid
516 245 611 284 mihi
629 245 784 284 meliust
805 259 936 296 quam.
954 247 1116 295 quando
1139 246 1189 283 illi
1212 260 1274 283 me
1297 246 1461 284 insanire
1483 261 1585 296 prac-

1442 311 1585 353 dicant,

265 391 339 427 ego
360 378 451 415 med
471 376 706 414 adsimulem
728 375 908 425 insanire,
932 384 971 414 ut
994 376 1080 414 illos
1100 391 1121 414 a
1144 391 1205 413 nu·
1226 385 1457 425 :ipsu-rreum
1476 378 1491 414 ?
1606 389 1647 415 So

268 445 351 481 MA.
383 450 424 480 ut
446 442 704 491 pandiculans
725 441 933 479 oscitamus!
973 441 1067 491 quid
1090 456 1194 479 nuuc
1217 442 1364 483 fau-iam,
1383 441 1431 478 mi
1456 443 1589 490 pau—r?

266 510 330 546 SE.
353 508 530 545 concede
546 508 635 553 huc,
655 520 741 545 mea
763 513 867 553 nata,
880 507 931 544 ab
954 506 1049 544 istoc
1064 520 1181 556 quarn
1199 514 1325 556 potest
1340 506 1586 555 longissumc.

179 575 245 619 835
268 574 382 610 ΜΕΝ.
414 573 542 610 euhoe
571 578 690 621 atque
717 572 856 615 euhoe,
891 572 1058 619 Bromie,
1087 585 1167 621 quo
1202 585 1264 609 me
1294 571 1332 608 in
1362 571 1498 609 siluam
1531 585 1591 608 uc-

1288 643 1421 673 natum
1443 648 1560 673 uocas
1577 637 1593 673 ?

265 701 395 749 audio,
419 702 490 740 sed
510 714 590 740 non
611 700 719 740 abire
739 713 900 751 possum
923 701 973 739 ab
994 701 1054 739 his
1075 700 1310 751 regionibus,

266 767 320 806 ita
338 767 404 806 illa
424 780 487 806 me
506 767 557 805 ab
578 768 690 805 laeua
710 765 863 804 rabiosa
883 766 1029 804 semina
1048 767 1229 805 adseruat
1250 779 1376 812 canes,
1610 770 1651 810 85

266 840 380 885 poste
399 840 532 883 autern
553 831 661 870 illinc
680 831 812 870 hircus
833 833 976 878 †alus†‚
1000 831 1066 881 qui
1087 845 1204 881 saepe
1223 838 1349 870 aetate
1369 830 1408 869 in
1430 844 1499 869 sua

268 898 439 950 perdidit
459 897 589 937 ciuem
609 897 863 936 innocentem
884 898 982 935 falso
1003 896 1240 935 testimonio.

179 965 250 1007 840
268 966 332 1003 SE.
364 977 438 1002 uae
469 962 586 1014 capiti
619 969 688 1001 tuo
705 965 711 1000 ἔ
789 963 904 1000 ΜΕΝ.
937 975 1041 1013 cece,
1075 963 1220 1012 Apollo
1254 960 1350 999 rnihi
1384 974 1430 999 ex
1463 961 1592 998 oraclo

1430 1024 1592 1074 imperat

267 1101 309 1133 ut
327 1107 401 1145 ego
421 1093 500 1132 illic
520 1094 658 1132 oculos
678 1105 837 1132 exuram
858 1089 1144 1144 lampadi[bu]s
1164 1090 1401 1130 ardentibus.

268 1162 352 1198 MA.
384 1159 479 1212 perii
498 1162 504 1197 1
553 1158 606 1197 mi
627 1166 746 1209 pater,
770 1157 941 1196 minatur
962 1157 1058 1195 mihi
1079 1158 1214 1195 oculos
1236 1168 1402 1194 exurere.
1610 1170 1652 1202 90

268 1227 384 1264 ΜΕΝ.
417 1224 452 1264 ei
473 1224 569 1263 mihi
587 1227 593 1263 1
625 1223 794 1263 insanire
811 1237 874 1262 me
894 1223 1016 1270 aiunt,
1033 1224 1135 1260 ultro
1151 1235 1271 1272 quom
1290 1220 1361 1270 ipsi
1382 1218 1591 1258 insaniunt.

267 1292 332 1330 SE.
364 1290 457 1339 filia,
483 1291 605 1329 heus!
664 1291 749 1328 MA.
782 1289 879 1339 quid
909 1289 1000 1327 est?
1053 1288 1118 1326 SE.
1148 1285 1244 1335 quid
1273 1284 1452 1334 agimus?
1499 1284 1594 1334 quid

1095 1352 1127 1391 si
1147 1365 1219 1402 ego
1239 1352 1317 1390 hue
1337 1363 1470 1389 seruos
1490 1349 1596 1389 cito?

184 1424 249 1470 845
270 1421 348 1469 ibo,
369 1421 568 1460 abducam
589 1419 657 1471 qui
677 1421 784 1458 hunc
804 1418 897 1457 hinc
917 1419 1056 1457 tollant
1076 1424 1115 1456 et
1135 1415 1244 1455 dorni
1264 1414 1490 1454 deuinciant

268 1487 366 1539 priu'
404 1499 526 1537 quam
559 1485 762 1525 turbarum
797 1483 895 1535 quid
933 1483 1050 1522 faeiat
1087 1480 1266 1532 amplius.
1345 1481 1459 1518 ΜΕΝ.
1491 1479 1594 1518 enirn

1427 1546 1568 1582 haereo
1587 1558 1596 1590 3

268 1619 309 1658 ni
343 1631 497 1670 occupo
530 1617 680 1668 aliquid
715 1616 811 1655 mihi
843 1615 1063 1661 consilium,
1099 1614 1140 1652 hi
1174 1614 1339 1652 domum
1372 1623 1436 1648 me
1468 1611 1519 1648 ad
1553 1622 1594 1647 se
1613 1623 1653 1655 95

1406 1675 1591 1713 auferent.

267 1750 409 1802 pugnis
429 1763 493 1789 me
512 1757 626 1788 uotas
646 1748 686 1787 in
706 1747 838 1787 huiius
858 1760 926 1786 ore
939 1745 1159 1796 quicquam
1179 1755 1347 1794 parcere,

267 1814 333 1867 nej
351 1827 375 1853 a
395 1814 492 1853 meis
513 1813 637 1853 oculis
657 1812 846 1864 apscedat
865 1811 906 1850 in
927 1811 1071 1849 malam
1094 1821 1275 1859 magnam
1298 1818 1464 1845 crucem.

181 1884 252 1930 850
268 1879 410 1919 faciam
448 1880 558 1930 quod
596 1878 720 1925 iubes,
754 1878 911 1928 Apollo.
982 1877 1047 1915 SE.
1083 1875 1173 1924 fuge
1207 1873 1371 1911 domum
1406 1877 1595 1920 quantum

1457 1941 1596 1985 potest,

312 2051 377 2092 832
400 2061 467 2091 ego
485 2061 538 2082 me
557 2050 617 2091 (ita
635 2049 719 2089 cod.)
737 2047 817 2091 (ut)
833 2047 959 2079 Ritschl
1090 2047 1153 2084 834
1179 2046 1292 2083 potest
1316 2050 1392 2071 corr.
1416 2043 1512 2087 potes
1528 2037 1592 2067 cod.

269 2099 307 2126 ut
320 2095 384 2128 vid.
484 2095 549 2135 835
573 2094 683 2125 euhoe
697 2098 798 2133 atque
812 2093 922 2123 euhoe
938 2090 1052 2130 scripsi
1067 2090 1119 2129 (cf.
1140 2087 1187 2119 ad
1202 2086 1274 2117 Cas.
1291 2084 1367 2125 727)
1385 2095 1391 2114 :
1415 2082 1490 2113 cubi
1504 2081 1593 2120 (eum

267 2137 333 2180 B¹)
357 2143 460 2179 atque
485 2139 552 2170 heu
577 2137 667 2170 cod.:
694 2138 816 2176 euhoe,
841 2135 986 2166 Bacche.
1016 2133 1145 2164 Richter
1284 2128 1347 2168 838
1371 2130 1447 2167 post
1471 2131 1503 2155 te
1527 2123 1590 2173 τοᾷ.

267 2182 315 2214 illi
331 2184 422 2214 circo
437 2181 529 2214 salus
545 2181 610 2213 cod.
628 2193 636 2213 :
660 2191 738 2213 corr.
754 2179 939 2212 Beroaldus
1027 2177 1143 2207 caluus
1159 2173 1302 2209 Mueller,
1319 2171 1377 2203 sed
1379 2171 1466 2219 fort..
1478 2168 1549 2218 aJus
1562 2166 1598 2196 td

268 2226 356 2266 quod
372 2227 508 2258 ‘olens’
527 2225 596 2267 (cf‘
611 2225 712 2256 filium
725 2226 750 2265 ’)
851 2225 916 2262 840
932 2232 975 2253 ex
988 2220 1100 2253 oraclo
1117 2219 1161 2250 mi
1176 2217 1307 2255 Ritschl,
1325 2225 1406 2246 nam
1425 2212 1505 2262 τηῲι
1526 2211 1531 2251 1
1551 2220 1592 2241 ex

266 2269 408 2310 displicet
495 2269 642 2309 imperas
660 2269 797 2309 Langen
909 2268 973 2306 843
997 2266 1070 2305 ipse
1084 2263 1148 2294 cod.
1163 2263 1188 2302 (²
1195 2264 1258 2302 pro‘
1274 2260 1368 2301 ipsei,
1380 2269 1443 2298 seq.
1459 2257 1483 2296 ι)
1498 2257 1590 2305 (cors.

266 2312 329 2353 3²)
440 2315 503 2353 847
521 2313 655 2353 aliquod
672 2312 731 2344 alii
837 2311 902 2349 849
926 2311 958 2340 ni
975 2320 994 2340 a
1012 2309 1097 2339 meis
1119 2306 1239 2337 Vahlen
1256 2308 1285 2336 et
1298 2303 1409 2334 eadem
1427 2304 1463 2331 ut
1477 2298 1538 2330 vtd.
1559 2308 1593 2327 m

266 2357 332 2389 cod.
352 2357 411 2388 sed
423 2357 683 2397 antiquaforma
701 2355 755 2386 nei
772 2365 791 2386 a
808 2355 884 2385 miis
896 2355 955 2394 (ne
971 2352 1034 2383 iam
1046 2351 1098 2382 his
1109 2348 1171 2390 3²)
1252 2349 1284 2379 in
1303 2355 1457 2385 magnam
1475 2341 1592 2374 malam

266 2411 399 2432 crucem
416 2400 658 2433 Sonnenschein
