1737 2765
614 510 997 560 PROLOGVS

141 657 312 695 Salutem
334 654 502 706 primum
524 653 601 691 iam
621 666 643 691 a
665 652 856 702 principio
877 651 1084 702 propitiam

141 720 235 758 mihi
256 728 373 770 atque
395 719 518 765 uobis,
542 725 793 768 spectatores,
815 716 966 754 nuntio.

139 787 305 836 adporto
326 784 438 823 uobis
461 782 843 832 Plautum—lingua,
865 795 945 820 non
967 795 1086 819 manu
1104 796 1111 819 ε

140 864 286 901 quaeso
307 856 348 887 ut
369 848 548 898 benignis
568 846 768 898 accipiatis
789 847 957 885 auribus.

102 929 119 961 5
141 928 246 954 nunc
265 921 538 964 argumentum
559 912 726 962 accipite
745 919 864 961 atque
883 911 1059 950 animum
1080 906 1276 950 aduortite
1290 925 1300 959 3

141 992 259 1030 quam
280 986 417 1030 potero
437 977 477 1015 in
498 977 620 1015 uerba
640 977 839 1015 conferam
860 976 1120 1026 paucissuma.

194 1052 312 1094 atque
333 1045 408 1082 hoc
429 1050 568 1093 poetae
590 1041 738 1080 faciunt
758 1040 798 1079 in
819 1040 1037 1079 comoediis
1054 1055 1061 1079 :

141 1109 269 1148 omnis
290 1122 348 1148 res
368 1116 494 1158 gestas
515 1121 600 1146 esse
621 1106 788 1145 Athenis
808 1113 1030 1153 autumant,

141 1188 221 1224 quo
242 1175 337 1213 illud
358 1173 472 1212 uobis
491 1185 673 1223 graecum
694 1171 874 1209 uideatur
895 1170 1041 1220 magis,

84 1254 122 1277 10
142 1253 214 1289 ego
235 1252 428 1289 nusquam
450 1237 579 1276 dicam
600 1236 675 1275 nisi
696 1235 763 1274 ubi
784 1237 931 1274 factum
953 1235 1105 1274 dicitur.

140 1312 258 1354 atque
278 1305 379 1342 adeo
400 1304 476 1341 hoc
495 1309 770 1352 argumentum
789 1299 1009 1351 graecissat,
1032 1307 1163 1338 tamen

139 1383 220 1408 non
240 1369 438 1415 atticissat‚
460 1381 597 1406 uerum
619 1365 877 1405 sicilicissitat.

139 1434 256 1477 †huic
276 1441 506 1484 argumento
526 1431 768 1482 antelogium
789 1432 866 1470 hoc
887 1430 984 1469 fuit†
1000 1444 1009 1478 ;

141 1513 246 1539 nunc
265 1506 539 1549 argumentum
559 1497 674 1537 uobis
694 1498 929 1536 demensum
950 1496 1067 1544 dabo,

84 1579 120 1611 15
142 1579 222 1604 non
243 1565 378 1604 modio
398 1577 527 1614 neque
547 1563 744 1622 trimodio‚
767 1575 904 1615 uerum
925 1561 1011 1612 ipso
1032 1563 1196 1600 horreo:

141 1638 293 1669 tantum
312 1631 364 1668 ad
384 1630 621 1667 narrandum
640 1634 916 1678 argumentum
936 1627 1049 1665 adest
1068 1626 1300 1677 benigritas.

193 1703 384 1734 mercator
404 1693 566 1744 quidam
587 1693 660 1732 fuit
681 1691 880 1743 Syracusis
901 1705 1031 1739 senex,
1070 1718 1074 1719 ν

139 1760 174 1800 ei
194 1767 285 1799 sunt
305 1759 385 1798 nati
406 1759 473 1797 filii
493 1758 639 1809 gemini
660 1759 752 1805 duo,

140 1826 193 1864 ita
213 1827 336 1864 forma
356 1824 472 1863 simili
492 1823 625 1875 puerei
646 1823 702 1862 uti
724 1831 847 1863 mater
866 1837 937 1862 sua

82 1906 121 1929 20
141 1905 220 1931 non
242 1890 456 1929 internosse
477 1896 609 1941 posset
630 1903 731 1940 quae
752 1903 965 1928 mammam
986 1889 1116 1937 dabat,

140 1970 269 2009 neque
288 1957 389 1994 adeo
410 1962 533 1993 mater
553 1954 638 2005 ipsa
659 1968 760 2005 quae
781 1954 868 1993 illos
888 1961 1102 2005 pepererat,

138 2021 197 2072 (ut
219 2021 379 2072 quidem
400 2020 464 2059 ille
484 2020 583 2059 dixit
605 2020 700 2058 mihi
721 2020 788 2071 qui
809 2033 950 2070 pueros
971 2019 1146 2058 uiderat:

139 2100 211 2137 ego
232 2086 318 2125 illos
339 2100 420 2125 non
441 2086 534 2133 uidi,
558 2100 608 2125 ne
630 2085 717 2136 quis
738 2092 916 2123 uostrum
937 2083 1125 2135 censeat).

139 2158 349 2202 postquam
370 2151 447 2189 iam
469 2151 577 2202 pueri
598 2158 835 2201 septuennes
856 2156 956 2195 sunt,
979 2156 1089 2198 pater
1204 2175 1297 2209 Ὗ

81 2233 120 2265 25
140 2216 318 2256 onerauit
338 2217 471 2255 nauim
493 2229 675 2266 magnam
697 2214 829 2253 multis
850 2213 1045 2253 mercibus
1060 2227 1070 2261 ;

140 2279 307 2331 imponit
326 2279 527 2330 geminum
548 2278 712 2317 alterum
733 2277 773 2315 in
793 2277 925 2315 nauim
947 2283 1066 2327 pater,

184 2384 203 2414 8
227 2393 347 2414 omnes
363 2382 438 2413 Ital.
602 2392 623 2421 9
646 2381 745 2412 uobis
761 2380 842 2411 illud
860 2378 1001 2420 Pylades
1151 2389 1188 2418 13
1211 2376 1357 2422 (igitur)
1373 2387 1470 2417 argu·

141 2433 255 2459 mento
268 2426 375 2467 Bergk
500 2425 562 2455 suit
578 2423 895 2467 <interim)Schoell
907 2423 1100 2465 (exAuson,
1114 2427 1161 2463 ep.
1178 2423 1218 2453 16
1228 2422 1351 2464 praef)
1368 2433 1376 2452 :
1387 2422 1470 2462 fort.

140 2469 244 2515 (fini)
260 2470 320 2502 suit
456 2469 495 2499 16
517 2472 609 2499 tanta
625 2467 699 2499 Ital.
835 2468 878 2498 26
901 2467 1114 2507 geminorum
1129 2465 1311 2497 Hermann
