1737 2765
90 149 120 186 Ι.

80 536 123 567 40

78 1056 119 1089 45

77 1515 117 1547 50

144 150 173 186 ii
551 151 598 188 T.
631 150 812 190 MACCI
845 150 1048 188 PLAVTI

145 264 260 300 ΜΕΝ.
292 263 356 302 dic
376 263 579 302 hominem
607 263 905 315 lepidissumum
923 276 1008 301 esse
1030 261 1102 300 me.
1154 263 1222 298 PE.
1254 259 1321 298 ubi
1349 258 1470 298 essuri

1306 326 1471 363 sumus?

143 394 257 431 ΜΕΝ.
289 393 354 432 dic
374 395 495 433 modo
523 395 598 433 hoc
619 395 728 445 quod
755 407 828 444 ego
855 401 892 432 te
914 393 1042 432 iubeo.
1102 394 1170 430 ΡΕ.
1203 391 1316 430 dico:
1348 391 1469 428 homo

1202 456 1467 507 lepidissume.

145 526 259 563 ΜΕΝ.
301 525 444 575 ecquid
483 526 605 564 audes
651 526 701 564 de
739 532 808 563 tuo
847 524 946 563 istuc
983 525 1158 562 addere?
1242 524 1311 560 ΡΕ.
1351 528 1470 571 atque

1213 586 1467 625 hilarissume.

143 656 257 693 ΜΕΝ.
277 668 403 705 perge,
413 653 691 707 <perge)—PE.
709 667 788 692 non
803 667 922 705 pergo
935 655 1065 692 hercle
1073 652 1146 691 nisi
1161 652 1327 702 scioqua
1334 651 1466 701 gratia.

141 719 304 769 litigium
327 720 396 758 tibi
417 727 475 758 est
496 733 585 758 cum
608 733 737 767 uxore,
761 732 809 757 eo
830 718 882 756 mi
903 719 972 768 zips
994 726 1031 756 te
1052 731 1175 756 caueo
1196 715 1359 754 cautius.

141 786 256 823 ΜΕΝ.
288 785 388 823 clzim
423 798 583 823 uxorem
622 784 689 823 ubi
721 785 943 834 sepulcrum
970 782 1186 821 habeamus
1215 788 1334 831 atque
1363 781 1470 819 hunc

1050 847 1328 886 comburamus
1349 845 1466 884 diem.

141 916 208 953 ΡΕ.
254 928 325 965 age
363 928 457 954 sane
495 915 620 966 igitur,
662 916 823 966 quando
860 927 1031 965 aequom
1073 927 1170 960 oras,
1212 926 1331 963 quam
1377 925 1469 951 mox

1103 978 1274 1017 incendo
1301 979 1469 1029 rogum?

138 1044 222 1083 dies
243 1045 404 1101 quidem
426 1045 503 1084 iam
523 1047 573 1085 ad
594 1045 827 1084 umbilicum
847 1053 906 1084 est
925 1044 1154 1084 dimidiatus
1175 1051 1360 1082 mortuos.

141 1111 254 1148 ΜΕΝ.
288 1118 325 1148 te
352 1111 622 1157 morareffmihi
644 1124 765 1161 quom
787 1111 1012 1161 obloquere.
1084 1111 1152 1147 ΡΕ.
1185 1110 1344 1148 oculum
1366 1110 1468 1147 ecfo-

1147 1174 1230 1214 dito
1250 1188 1319 1225 per
1338 1166 1466 1213 sffiffm

138 1240 248 1289 mihi,
270 1242 546 1290 Menaechme,
567 1241 599 1280 si
620 1243 742 1280 ullum
764 1241 929 1280 uerbum
951 1242 1039 1279 faxo
1059 1240 1133 1278 nisi
1154 1231 1263 1291 quod
1284 1240 1450 1279 iusseris.

139 1307 254 1344 ΜΕΝ.
285 1307 462 1345 concede
482 1307 560 1345 huc
580 1320 603 1345 a
623 1306 781 1345 foribus.
846 1308 914 1344 PE.
947 1307 1023 1344 fiat.
1084 1307 1199 1345 ΜΕΝ.
1231 1306 1349 1345 etiam
1377 1319 1467 1345 con-

998 1372 1096 1410 cede
1115 1372 1203 1410 huc.
1263 1373 1332 1410 ΡΕ.
1363 1371 1464 1409 licet.

139 1438 254 1475 ΜΕΝ.
285 1436 403 1475 etiam
423 1450 529 1476 nunc
549 1439 726 1476 concede
745 1438 932 1476 audacter
950 1438 1000 1476 ab
1022 1437 1181 1476 leonino
1201 1450 1312 1476 cauo.

138 1504 207 1540 ΡΕ.
239 1516 287 1541 eu
308 1504 450 1552 edepol
467 1505 474 1541 Ξ
502 1516 559 1555 Q
575 1510 627 1551 tu,
651 1511 693 1541 ut
713 1516 786 1553 ego
807 1502 958 1553 opinor,
981 1517 1086 1542 esses
1106 1504 1271 1554 agitator
1290 1503 1448 1554 probus.

138 1569 251 1606 ΜΕΝ.
272 1568 468 1618 quidum?
497 1570 566 1607 PE.
585 1582 635 1607 ne
651 1577 689 1607 te
710 1582 806 1607 uxor
819 1576 1006 1619 sequatur
1019 1562 1216 1620 respectas
1232 1568 1461 1608 identidem.

137 1633 251 1670 ΜΕΝ.
284 1634 353 1672 sed
380 1633 476 1684 quid
502 1633 588 1672 ais?
645 1635 715 1672 ΡΕ.
746 1635 902 1684 egone?
930 1633 971 1673 id
996 1635 1102 1673 enim
1129 1636 1238 1686 quod
1262 1642 1304 1674 tu
1331 1635 1402 1684 uis,
1424 1634 1466 1673 id

290 1700 294 1704 ”
1068 1700 1132 1739 aio
1151 1708 1270 1751 atque
1290 1700 1330 1739 id
1350 1713 1462 1751 nego.

137 1765 251 1802 ΜΕΝ.
284 1764 427 1814 ecquid
448 1772 489 1803 tu
510 1766 560 1804 de
581 1767 704 1806 odore
724 1767 862 1818 possiS‚
880 1766 912 1806 si
932 1766 1029 1818 quid
1050 1767 1148 1806 forte
1168 1766 1357 1814 offeceris,

136 1830 261 1868 facere
281 1829 547 1869 coniecturam
605 1846 622 1867 a<
654 1834 671 1871 ?
835 1846 853 1867 ³¹<

181 1945 241 1975 147
265 1935 316 1966 vel
327 1936 402 1968 dice
491 1940 541 1970 vel
555 1941 632 1972 med
768 1952 828 1981 149
851 1941 944 1981 atqui
969 1941 1032 1973 cod.
1170 1951 1231 1982 150
1255 1950 1360 1982 perge
1384 1939 1459 1972 add.

135 1977 312 2028 ΞεΙιωιζΙζει
336 1979 480 2025 (porro)
497 1983 636 2023 Pylades
769 1995 826 2024 151
853 1996 894 2016 eo
911 1985 1038 2016 Rz‘lsclzl
1048 1998 1054 2018 :
1077 1985 1121 2018 M.
1142 1986 1175 2023 (i.
1187 1997 1212 2019 e.
1231 1986 1339 2025 ΜΕΝ.)
1357 1995 1377 2015 0
1393 1983 1460 2016 cod.

138 2022 245 2072 (quasz
262 2022 346 2053 allud
360 2025 387 2055 E
405 2030 481 2057 nota
494 2032 652 2068 personae
665 2029 757 2066 essct)
897 2039 958 2068 152
983 2040 1038 2061 ux.
1061 2028 1145 2070 [est]
1162 2029 1227 2061 cod.
1246 2028 1388 2060 Clzanzeii
1402 2038 1462 2068 145

136 2066 191 2096 ubi
214 2066 330 2105 pulcre
357 2068 487 2111 Ussing,
516 2070 574 2101 sed
598 2072 635 2111 cf.
665 2071 785 2102 Vahlen
816 2071 898 2113 (ind.
924 2073 986 2104 lect.
1009 2072 1152 2104 Berolin.
1173 2074 1283 2114 1901),
1309 2072 1367 2113 qui
1391 2072 1466 2112 legit

136 2108 175 2140 cl.
201 2119 255 2141 ux.
282 2115 334 2142 est
359 2112 413 2142 ubi
438 2124 508 2153 sep.
529 2115 671 2146 habeam
695 2120 762 2155 atq.
783 2117 814 2148 h.
836 2116 1028 2147 comburam
1051 2116 1082 2148 d.
1218 2127 1291 2156 154,
1312 2126 1372 2156 155
1397 2116 1462 2147 iam

135 2153 213 2203 dum
235 2154 367 2186 bilicum
393 2157 458 2189 cod.
480 2159 568 2198 (corr.
582 2157 643 2197 ΒΖ)
725 2164 777 2190 est
802 2163 876 2200 post
897 2165 1048 2191 mortuus
1073 2159 1161 2193 codd.
1182 2160 1325 2210 Qg,
1355 2169 1404 2198 14,
1424 2160 1464 2189 16

138 2197 194 2238 (31.
207 2208 232 2230 e.
247 2201 426 2241 mortuost)
566 2203 628 2241 156
646 2213 724 2242 qum
742 2203 823 2241 cod.‚
836 2207 873 2233 ut
888 2203 950 2236 vid.
1089 2214 1151 2244 159
1170 2203 1284 2235 accedit
1298 2205 1331 2235 A
1345 2214 1353 2242 ;
1381 2212 1464 2243 159-

136 2251 176 2281 72
195 2243 318 2283 priores
334 2243 404 2283 fl’re
422 2255 575 2275 versuum
590 2249 699 2286 partes
714 2247 870 2287 leguntur
972 2248 1033 2278 160
1048 2247 1097 2278 vel
1110 2249 1212 2288 opino
1319 2248 1380 2278 162
1395 2246 1461 2287 ais]

133 2284 206 2324 agis
221 2285 254 2316 P
309 2286 379 2329 aio]
405 2292 460 2318 ato
483 2288 522 2327 P,
549 2288 582 2318 A
610 2300 642 2321 n.
670 2289 690 2321 I.
711 2291 803 2330 (corr.
821 2291 854 2320 in
867 2289 913 2329 B)
973 2301 1061 2331 nega
1076 2290 1116 2331 P,
1135 2291 1168 2322 A
1187 2302 1219 2323 n.
1241 2291 1260 2322 l.
1287 2290 1381 2331 (corr.
1397 2289 1461 2330 ΒΖ)

137 2330 198 2368 163
216 2329 266 2360 vel
278 2329 354 2362 olef.
492 2332 561 2371 164,
584 2335 644 2372 165
661 2333 772 2364 facere
789 2333 1014 2366 coniecturam
1027 2340 1159 2375 captum
1176 2336 1220 2366 sit
1237 2335 1416 2374 collegium
1431 2333 1466 2364 P

136 2372 199 2413 (iii.
216 2383 264 2410 11,
282 2384 313 2424 p.
329 2375 403 2415 62):
421 2375 493 2425 'duo
508 2386 620 2407 versus
635 2377 668 2407 in
685 2377 718 2406 A
737 2389 744 2408 ε
770 2377 879 2409 facere
896 2378 1098 2417 coiecturarn
1116 2389 1191 2418 cum
1209 2380 1218 2419 i
1240 2398 1276 2403 ——
1295 2378 1300 2423 Ι
1321 2378 1426 2418 Cuspi.
1445 2387 1462 2407 S

134 2440 141 2447 .
159 2440 167 2447 .
184 2427 243 2447 asu
262 2440 269 2447 .
288 2426 339 2447 luS
355 2429 512 2450 coniec—

1491 664 1557 701 150

1489 1060 1503 1087 1
1511 1059 1599 1098 54·5

1487 1506 1554 1542 160
