1737 2765
711 147 1063 184 MENAECHMI
1473 148 1546 184 111.
1569 147 1611 183 iii

225 261 305 298 AN,
334 259 463 297 dicam
485 259 648 297 curare?
706 259 820 294 Max.
852 257 996 295 dicito:
1027 257 1235 295 curabitur.
1574 271 1608 302 ¹5

75 337 206 375 539-40
224 331 262 362 et
283 325 385 374 palla
404 331 441 362 et
462 324 610 373 spinter
630 323 717 361 faxo
735 323 951 362 reserantur
972 321 1099 359 simul.

224 389 302 427 AN.
332 389 487 435 amabo,
511 387 562 426 mi
587 390 861 434 Menaechme,
885 386 1028 424 inauris
1048 388 1098 425 da
1120 386 1213 424 mihi

223 452 422 492 faciendas
443 454 579 504 pondo
599 454 721 492 duom
744 446 963 498 nummum,
987 451 1197 501 stalagmia‚

223 526 266 557 ut
286 526 324 558 te
344 519 524 558 lubenter
544 518 713 564 uideam,
736 531 857 568 quom
879 519 929 556 ad
951 531 1022 555 nos
1044 516 1207 556 ueneris.

226 585 341 622 ΜΕΝ.
373 584 452 622 fiat.
509 585 609 622 cedo
628 597 766 622 aurum
784 598 793 630 ;
821 597 894 633 ego
915 581 1202 632 manupretium
1224 582 1341 619 dabo.
1573 593 1611 615 20

138 660 203 698 545
225 650 304 687 AN.
336 649 387 687 da
407 649 523 687 sodes
543 661 613 699 aps
635 656 695 687 te:
726 656 838 698 poste
859 647 1068 686 reddidero
1089 646 1172 684 tibi.

226 714 344 752 ΜΕΝ.
375 713 497 751 immo
517 714 618 752 cedo
638 727 708 763 aps
729 721 788 751 te:
821 726 894 762 ego
915 719 1004 762 post
1024 711 1093 750 tibi
1115 712 1278 749 reddam
1300 711 1454 760 duplex.

224 780 305 817 AN.
336 791 417 818 non
437 778 577 817 habeo.
636 780 750 816 ΜΕΝ.
783 777 822 816 zit
842 785 895 825 tu,
918 777 1079 827 quando
1099 775 1275 823 habebis,
1299 783 1380 813 tum
1403 775 1506 812 dato.

225 845 304 882 AN.
354 843 548 894 numquid
595 841 692 897 [me]
738 842 797 882 uis
810 843 827 881 ?
841 866 893 870 -——
910 844 1026 881 ΜΕΝ.
1075 842 1172 880 haec
1221 854 1283 878 me
1330 846 1552 877 curaturum

954 918 955 922 ¹
1378 902 1552 942 dicito—

226 981 269 1014 ut
289 968 481 1025 quant‘um
502 973 653 1025 possint
673 973 820 1025 quique
840 973 984 1012 liceant
1003 978 1186 1011 ueneant.
1547 967 1614 1009 ‘'25

141 1052 210 1090 550
227 1040 357 1080 iamne
377 1039 606 1079 introabiit?
633 1039 740 1087 abiit,
763 1038 916 1090 operuit
936 1038 1050 1077 fores.

226 1105 267 1145 di
288 1118 351 1144 me
371 1104 534 1156 quidem
554 1117 693 1143 omnes
713 1103 914 1151 adiuuant,
936 1109 1091 1153 augent,
1113 1107 1258 1140 amant.

227 1171 297 1210 sed
317 1170 414 1221 quid
434 1183 508 1221 ego
527 1183 650 1217 cesso,
672 1170 769 1208 dum
789 1170 904 1208 datur
923 1167 977 1207 mi
997 1166 1153 1206 occasio

227 1243 474 1287 tempusque,
496 1235 603 1274 abire
623 1235 673 1273 ab
694 1233 754 1273 his
774 1233 871 1272 locis
891 1231 1115 1272 lenonieis?

227 1314 407 1352 propera,
427 1301 702 1347 Menaechme,
725 1300 781 1338 fer
800 1299 955 1350 pedem,
978 1296 1112 1338 confer
1131 1297 1306 1347 gradum.
1575 1302 1614 1334 30

143 1374 184 1412 55
192 1374 208 1411 5
229 1368 387 1406 demam
408 1367 510 1405 hanc
529 1379 717 1405 coronam
737 1372 856 1415 atque
875 1362 1044 1402 abiciam
1063 1363 1114 1401 ad
1134 1364 1287 1400 laeuam
1308 1372 1480 1406 manum,

230 1439 283 1480 ut,
305 1429 461 1485 si[quis]
482 1439 695 1482 sequantur
714 1443 790 1477 me,
812 1430 886 1468 hac
905 1427 1048 1467 abiisse
1068 1433 1265 1466 censeant.

229 1497 296 1537 ibo
316 1505 355 1537 et
375 1497 611 1537 conueniam
631 1509 787 1536 seruom
808 1495 839 1534 si
859 1502 998 1546 potero
1018 1506 1163 1540 meum,

229 1570 272 1602 ut
291 1564 401 1611 haec,
424 1575 525 1613 quae
544 1563 651 1601 bona
671 1563 767 1601 dant
787 1560 828 1600 di
850 1559 958 1606 mihi,
985 1558 989 1611 Ι
1016 1572 1063 1597 ex
1083 1571 1146 1597 me
1167 1556 1330 1596 sciat.—

99 971 150 999 t«=
178 951 192 965 ³

273 1677 338 1708 540
360 1666 557 1708 reseratu(r)
573 1666 607 1697 A
676 1666 807 1706 541-58
818 1669 983 1706 perpauca
1003 1662 1159 1703 leguntur
1171 1660 1206 1691 in
1222 1659 1255 1691 A
1325 1668 1389 1698 542
1406 1657 1556 1689 facienda

229 1711 369 1752 Pylades
475 1711 655 1750 statagmia
671 1710 710 1750 P,
727 1709 761 1740 A
781 1720 812 1740 n.
828 1709 848 1740 Ι.
978 1715 1042 1746 543
1065 1715 1162 1745 quam
1180 1704 1220 1743 P,
1239 1703 1272 1734 A
1292 1714 1322 1734 n.
1339 1702 1360 1734 l.
1379 1702 1471 1742 (com.
1490 1700 1556 1741 B2)

229 1759 288 1787 aut
296 1764 403 1796 545-7
420 1759 481 1786 aut
495 1755 603 1794 544-6
625 1764 689 1785 om.
706 1752 739 1784 A
753 1757 789 1784 ut
797 1751 862 1784 vid.
887 1752 1033 1792 (propter
1045 1747 1241 1787 homoeotel.)
1352 1754 1415 1785 545
1438 1745 1487 1776 vel
1500 1745 1556 1775 ted

229 1804 306 1840 post
321 1798 388 1832 cod.
404 1810 411 1830 ε
434 1797 542 1842 (ego)
567 1802 645 1838 post
661 1796 807 1837 Pylades,
822 1795 948 1827 Rz'tschl
1042 1794 1106 1832 546
1122 1791 1170 1823 vel
1183 1791 1240 1821 ted
1340 1790 1404 1829 548
1429 1798 1481 1819 me
1498 1787 1558 1818 del.

229 1841 413 1881 Acidalius,
442 1853 525 1873 nam
553 1841 714 1881 numquid
739 1843 924 1881 suspectum
1056 1845 1121 1876 550
1144 1836 1253 1865 iamne
1279 1833 1358 1864 abiit
1383 1833 1472 1863 intro
1497 1830 1554 1870 132,

230 1886 265 1917 A
285 1897 318 1918 n.
337 1886 357 1918 I.
443 1889 518 1927 post
532 1885 619 1916 hunc
639 1894 769 1916 versum
791 1882 924 1924 vestigia
948 1881 1079 1913 alterius
1101 1881 1260 1920 apparent
1279 1878 1311 1907 in
1328 1876 1360 1906 A
1494 1884 1554 1914 551

231 1930 368 1970 quidem
384 1929 537 1970 Bentley:
561 1928 717 1968 equidem
734 1926 774 1964 P,
793 1927 826 1957 A
845 1937 878 1958 n.
897 1926 918 1957 Ι.
1027 1934 1088 1964 554
1114 1922 1227 1964 profer
1243 1931 1291 1960 gr.
1310 1920 1394 1951 Brix
1494 1927 1558 1958 555

232 1973 319 2005 hanc
335 1972 423 2004 codd.
442 1972 645 2013 Nonii519:
677 1982 744 2002 om.
764 1970 804 2008 P,
820 1970 852 2001 A
873 1980 903 2001 n.
924 1969 943 2000 l.
1058 1969 1123 2007 556
1146 1967 1173 1997 si
1200 1968 1384 2004 sequentur
1407 1961 1556 1993 Nonius:

233 2018 261 2048 si
289 2017 346 2057 qui
370 2021 530 2056 sequatur
544 2015 586 2057 P,
611 2015 645 2046 A
671 2025 702 2046 n.
727 2014 768 2046 l.:
791 2018 976 2054 sequentur
1003 2011 1164 2053 improbat
1194 2009 1315 2041 Thulin
1340 2007 1377 2038 de
1401 2007 1555 2036 com‘zmct.

233 2071 265 2101 p.
288 2061 349 2100 146
436 2070 490 2091 me
514 2060 578 2091 hac
602 2057 688 2090 codd.
708 2057 833 2089 Nonii:
857 2057 920 2087 hec
943 2059 1036 2096 (corr.
1058 2054 1120 2095 3²)
1146 2063 1198 2084 me
1215 2052 1255 2092 P,
1274 2051 1307 2082 A
1327 2063 1358 2083 n.
1376 2051 1400 2081 I.
1478 2048 1556 2088 son.

233 2109 271 2135 ut
295 2105 331 2135 in
348 2104 422 2144 fine
442 2114 472 2135 v.
496 2111 560 2143 555
585 2101 754 2134 collocand.
782 2100 831 2143 (A
852 2110 884 2132 n.
903 2100 943 2141 l.)
974 2097 1045 2135 (sed
1063 2098 1099 2138 cf
1123 2096 1258 2138 Sjc‘igren
1288 2094 1403 2126 ‘Para
1432 2091 1554 2133 Copul.'

234 2158 266 2188 p.
288 2147 358 2187 33),
387 2157 470 2178 nam
500 2145 640 2188 displicet
662 2145 769 2185 quuis
798 2154 918 2175 necnon
949 2141 1055 2182 siquis
1083 2142 1245 2180 sequatur
1385 2138 1448 2177 558
1471 2136 1558 2166 bona

233 2189 358 2234 (boni)
373 2189 547 2222 Fleckeisen
636 2199 690 2221 me
706 2187 815 2232 (iam)
842 2188 925 2219 sciat
951 2185 1081 2224 Bentley
1097 2195 1104 2215 :
1118 2185 1198 2224 sort.
1220 2182 1297 2214 med
1313 2179 1386 2225 (is)
1403 2180 1486 2211 sciat
