1737 2765
38 151 106 199 iv.
129 161 158 197 ii
547 160 594 198 T.
627 160 807 199 MAccl
839 160 1044 199 PLAVTI

345 271 412 310 ubi
433 271 602 322 primum
623 278 681 309 est
702 270 852 309 licitum
873 270 965 310 ilico
1483 278 1550 315 599

72 356 87 386 3
93 356 111 388 5
345 335 550 387 properaui
571 335 678 374 abire
699 337 749 375 de
770 337 864 375 foro.

344 400 486 447 iratast,
510 401 640 446 credo,
664 413 769 439 nunc
790 400 913 449 mihi3
1479 401 1551 436 600

343 464 514 516 placabit
535 466 637 516 palla
657 478 776 515 quam
797 465 901 513 dedi,

129 530 248 581 quzim
269 530 389 569 hodie
409 529 518 569 uxori
539 529 681 579 apstuli
701 537 820 580 atque
841 530 964 569 detuli
985 530 1076 569 huic
1100 529 1247 570 Erotio.
1480 531 1547 566 601

183 599 251 635 ΡΕ.
284 595 380 647 quid
410 595 494 634 ais?
553 597 636 633 ΜΑ.
668 594 753 634 uiro
783 609 847 634 me
877 598 982 634 malo
1016 597 1119 635 male
1153 603 1330 646 nuptam.
1390 597 1462 637 ΡΕ.

785 660 886 698 satin
906 659 1020 699 audis
1041 673 1142 710 quae
1163 660 1241 698 illic
1262 660 1463 710 loquitur?

66 742 110 773 40
183 728 267 765 MA.
300 725 393 764 sati'.
455 726 570 763 MEN.
604 721 635 763 si
665 724 828 775 sapiam,
861 725 955 764 hinc
989 724 1091 764 intro
1125 725 1278 772 abeam,
1310 724 1378 764 ubi
1407 723 1462 763 mi

590 790 691 829 bene
712 789 770 828 sit.
830 792 899 828 ΡΕ.
932 803 1073 829 mane:
1103 791 1205 829 male
1226 789 1297 829 erit
1316 789 1477 846 potius„

128 859 211 896 MA.
244 856 293 895 ne
314 856 420 895 illam
441 863 593 894 ecastor
614 857 814 895 faenerato
834 855 1040 906 eipstulisti.
1101 857 1169 893 ΡΕ.
1203 855 1259 894 sic
1279 856 1404 894 datur.

127 924 210 961 MA.
241 923 464 960 clanculum
486 928 524 960 te
545 920 665 960 istaec
687 920 832 971 flagitia
853 922 980 960 facere
1001 921 1192 960 censebas
1212 922 1335 971 pote?
1479 927 1546 973 605

127 989 242 1026 ΜΕΝ.
283 986 380 1037 quid
418 986 509 1025 illuc
552 993 621 1033 est,
663 999 770 1033 uxor,
812 986 974 1036 negoti?
1062 987 1146 1024 ΜΑ.
1188 999 1280 1024 men
1318 986 1461 1036 rogas?

934 1053 1050 1089 ΜΕΝ.
1081 1050 1148 1089 uin
1169 1052 1276 1089 hunc
1296 1052 1462 1105 rogern?

127 1119 210 1157 MA.
242 1119 350 1156 aufer
370 1116 462 1155 hinc
483 1116 740 1167 palpationes.
800 1118 869 1154 ΡΕ.
901 1129 1018 1167 perge
1038 1123 1091 1154 tu.
1161 1117 1276 1154 MEN.
1299 1108 1397 1167 qnid
1418 1122 1460 1154 tu

1362 1179 1460 1218 mihi

65 1262 107 1295 45
127 1247 244 1287 tristis
274 1250 344 1286 es?
401 1249 484 1285 ΜΑ.
518 1254 555 1286 te
585 1246 682 1286 scire
712 1254 876 1297 oportet.
937 1249 1006 1284 PE.
1037 1245 1110 1285 scit
1140 1247 1210 1285 sed
1239 1245 1460 1298 dissimulat

1319 1312 1456 1350 malus.

125 1382 241 1418 ΜΕΝ.
273 1378 370 1430 quid
390 1377 589 1429 negotist?
663 1380 746 1416 MA.
780 1379 1098 1428 pallam—MEN.
1130 1377 1304 1428 pallam?
1370 1378 1455 1415 MA.

702 1442 865 1493 quidam
886 1443 1157 1493 pallam———Pa
1189 1442 1287 1493 quid
1306 1443 1458 1495 flet-125?

125 1512 240 1548 ΜΕΝ.
273 1509 327 1548 nil
354 1508 539 1560 equidem
564 1522 703 1560 paueo.
764 1510 833 1546 ΡΕ.
865 1507 940 1546 nisi
967 1521 1115 1556 unum:
1145 1509 1248 1559 palla
1267 1509 1457 1559 pallorem
1475 1513 1546 1548 610

1304 1572 1455 1612 incutit.

121 1648 160 1680 at
181 1648 222 1679 tu
242 1640 293 1679 ne':
313 1641 414 1679 clam
435 1653 498 1678 me
519 1652 719 1690 comesses
741 1638 962 1689 prandium.
1022 1652 1139 1690 perge
1159 1638 1199 1677 in
1220 1638 1360 1690 uirum.

123 1708 238 1746 ΜΕΝ.
271 1719 351 1744 non
381 1706 517 1743 taces?
588 1706 657 1742 PE.
690 1717 771 1742 non
802 1705 933 1743 hercle
959 1718 1054 1743 uero
1081 1711 1204 1743 taceo.
1264 1710 1377 1742 nutat
1406 1718 1457 1744 ne

1305 1771 1454 1820 loquar.

63 1850 104 1883 50
125 1840 239 1875 ΜΕΝ.
272 1850 352 1875 non
373 1837 503 1875 hercle
529 1834 767 1886 egoquidem
787 1848 955 1885 usquam
976 1834 1188 1885 quicquam
1209 1842 1310 1889 nuto¹
1325 1848 1456 1885 neque

1226 1899 1350 1938 vnicto
1370 1899 1452 1939 tibi.

123 1969 207 2006 MA.
239 1966 288 2006 ne
309 1981 381 2017 ego
402 1974 553 2006 ecastor
574 1965 713 2005 mulier
733 1965 884 2005 misera.
935 1967 1051 2003 ΜΕΝ.
1075 1964 1142 2015 qui
1163 1972 1205 2003 tu
1225 1964 1366 2004 misera
1385 1967 1457 2005 es?

1226 2030 1280 2068 mi
1300 2029 1452 2081 expedi.

123 2101 190 2137 ΡΕ.
223 2098 320 2136 nihil
340 2100 417 2137 hoc
438 2096 702 2137 confidentius
722 2112 729 2135 t
751 2096 847 2147 quin
868 2109 969 2147 quae
989 2095 1101 2134 uides
1122 2109 1168 2134 ea
1188 2102 1384 2146 pernegat.
1473 2097 1541 2143 615

163 2210 228 2239 599
251 2199 379 2230 licitum
397 2204 448 2229 est
466 2197 602 2237 (-umst)
624 2196 760 2228 Guietus
846 2197 928 2226 600³
944 2195 1091 2235 placebit
1107 2195 1181 2225 PCD
1195 2178 1332 2225 &sm
1350 2194 1454 2226 hodie

120 2254 185 2274 om.
205 2243 237 2273 B
290 2243 370 2273 huic
388 2240 490 2272 detuli
508 2240 573 2272 cod.
595 2253 602 2272 ε
625 2240 697 2271 trai.
721 2239 845 2270 Rz'tschl
859 2251 866 2270 :
881 2238 962 2277 fort.
980 2239 1012 2269 h.
1034 2239 1174 2269 detetuli
1264 2239 1328 2269 602
1351 2238 1455 2269 statin

119 2287 184 2319 cod.
207 2288 298 2328 (corr.
328 2284 395 2325 32)
535 2286 599 2324 604
624 2288 793 2314 mecastor
815 2282 881 2314 cod.
1026 2283 1090 2321 605
1115 2283 1202 2321 potis
1220 2281 1455 2315 Lindemann:

121 2336 259 2371 potesse
277 2329 343 2361 cod.
363 2329 414 2370 (cf
433 2328 524 2369 Epid.
547 2339 607 2368 227
632 2332 767 2367 potesse
788 2332 848 2368 pro
871 2327 960 2366 potis
976 2326 1026 2356 vel
1039 2329 1135 2368 pote)
1289 2327 1355 2356 608
1377 2325 1456 2357 Tris

120 2375 187 2406 cod.
201 2375 294 2416 (corr.
313 2374 373 2409 BQ)
422 2372 465 2403 sit
481 2383 518 2402 se
535 2372 616 2403 diss.
637 2370 702 2402 cod.
773 2372 839 2410 609
854 2370 934 2410 quid
952 2380 1058 2409 paues
1076 2373 1248 2401 matronae
1263 2370 1458 2400 continuant

120 2419 180 2450 alii
352 2419 416 2447 610
441 2426 550 2455 paueo
566 2415 613 2446 ΒΖ
631 2427 637 2446 :
660 2414 762 2455 paulo
785 2414 851 2446 cod.
877 2416 953 2455 (pro
970 2414 1086 2454 panio)
1199 2416 1306 2444 totum
1323 2423 1454 2444 versum

121 2462 333 2493 splenueclzmo
348 2460 431 2491 dant
444 2460 507 2491 alii
670 2460 735 2497 614
752 2462 829 2500 post
843 2468 871 2489 v.
892 2459 959 2497 619
975 2457 1011 2487 K
1011 2457 1148 2497 z'essling
1228 2457 1309 2496 quid
1326 2456 1455 2488 Parcus

120 2508 184 2546 615
208 2506 358 2545 quinque
374 2504 441 2535 cod.
456 2515 463 2535 ε
487 2503 543 2543 qui
560 2513 646 2543 quae
665 2503 713 2533 132
802 2502 852 2533 vel
865 2503 1054 2541 pernegat?
1074 2501 1329 2543 (interrogative)
