1737 2765
74 156 171 194 1.1ii
542 156 590 194 T.
623 155 802 194 MACCI
835 153 1038 192 PLAVTI

125 270 239 307 MEN.
272 281 345 318 ego
366 267 451 306 istic
473 266 568 305 mihi
590 265 708 305 hodie
728 264 904 316 apparari
924 263 1018 303 iussi
1038 264 1144 314 apud
1165 270 1203 301 te
1223 261 1428 312 proelium.
1476 259 1586 304 184—5

124 334 199 371 ER.
231 332 350 372 hodie
371 332 410 370 id
432 333 507 371 fiet.
560 333 674 369 ΜΕΝ.
707 330 747 368 in
767 344 815 369 eo
831 337 994 380 uterque
1015 328 1164 379 proelio
1180 325 1431 378 potabimu53

81 410 98 441 5
122 405 206 436 uter
227 397 280 436 ibi
301 397 439 436 melior
460 397 624 435 bellator
644 395 714 434 erit
736 395 920 433 inuentus
941 395 1142 440 cantharo,

121 471 187 502 tua
207 471 265 502 est
285 462 410 513 legio:
439 462 667 501 adiudicato
687 463 778 499 cum
799 460 1045 498 utro—hanc
1067 466 1225 497 noctem
1255 457 1341 497 sies.

121 536 163 566 ut
184 541 257 578 ego
278 541 449 575 uxorem,
474 540 561 565 mea
582 528 775 575 uoluptas,
799 525 867 563 ubi
889 533 925 564 te
945 524 1105 575 aspicio,
1129 524 1195 562 odi
1218 525 1318 562 male
1336 526 1343 561 1

123 594 197 631 ER.
230 592 385 631 interim
407 592 547 642 nequis
568 591 663 641 quin
685 590 782 629 eiius
802 590 951 640 aliquid
972 590 1134 628 indutus
1156 589 1240 627 sies.
1473 598 1540 634 190

121 657 217 707 quid
245 659 321 696 hoc
348 659 435 695 est?
506 658 619 694 ΜΕΝ.
653 654 839 693 induuiae
866 663 955 693 tuae
979 662 1098 704 atque
1125 653 1254 692 uxoris
1275 652 1450 698 exuuiae,

1354 731 1450 755 rosa.

66 798 104 820 10
126 788 199 825 ER.
233 799 392 837 superas
414 786 526 824 facile
547 793 589 824 ut
610 784 785 836 superior
812 784 863 824 sis
891 784 986 823 mihi
1008 797 1126 834 quam
1155 783 1364 833 quisquam
1387 783 1453 832 qui

1229 848 1450 898 impetrant.

123 917 190 954 PE.
235 916 414 955 meretrix
448 915 637 967 tantisper
671 915 880 963 blanditur,
918 917 1014 954 dum
1055 914 1151 953 illud
1187 914 1295 964 quod
1330 913 1453 963 rapiat

1319 978 1453 1024 uidet;

119 1059 210 1084 nam
232 1046 263 1085 si
283 1047 455 1093 amabas,
478 1046 554 1085 iaim
576 1047 783 1096 oportebat
803 1059 961 1084 nassum
983 1046 1191 1096 abreptum
1213 1043 1423 1083 mordicus.
1477 1054 1587 1090 194-5

120 1112 235 1149 MEN.
268 1111 416 1150 sustine
437 1112 524 1158 hoc,
544 1111 752 1149 Penicule:
782 1110 942 1149 exuuias
958 1111 1085 1148 facere
1101 1123 1198 1159 quas
1219 1108 1313 1147 uoui
1329 1109 1432 1147 uolo.

121 1176 189 1213 PE.
223 1177 323 1214 cedo
338 1190 348 1224 3
378 1177 448 1214 sed
468 1189 633 1225 opsecro
655 1176 796 1223 hercle,
820 1177 917 1213 salta
937 1174 993 1213 sic
1013 1188 1103 1213 cum
1126 1175 1229 1224 palla
1248 1180 1396 1223 postea.

63 1252 98 1283 15
121 1242 234 1279 ΜΕΝ.
266 1254 339 1291 ego
366 1241 546 1279 saltabo?
580 1254 698 1279 sanus
719 1237 950 1280 hercle'non
970 1254 1022 1279 es.
1082 1242 1150 1278 PE.
1183 1252 1309 1290 egone
1334 1253 1385 1277 an
1410 1247 1451 1278 tu

1299 1303 1421 1354 magis
1435 1305 1452 1342 ?

118 1368 149 1407 si
170 1383 251 1408 non
272 1371 400 1417 saltas,
423 1384 520 1409 exue
540 1370 664 1421 igitur.
725 1372 841 1409 ΜΕΝ.
873 1370 996 1409 nimio
1017 1384 1089 1420 ego
1109 1371 1212 1408 hanc
1233 1369 1409 1420 periculo

118 1435 298 1486 surrupui
332 1435 462 1474 hodie.
522 1449 613 1474 meo
651 1435 814 1486 quidem
847 1435 982 1475 animo
1014 1436 1066 1474 ab
1101 1436 1324 1487 Hippolyta
1361 1435 1450 1474 sub·
1469 1445 1540 1470 200

1119 1501 1321 1552 cingulum
1342 1502 1449 1540 haud

120 1565 314 1603 Hercules
334 1578 461 1615 aeque
481 1579 625 1615 magno
646 1579 833 1616 umquam
855 1565 1015 1616 apstulit
1035 1565 1220 1616 periculo.

118 1642 215 1679 cape
235 1629 306 1668 tibi
327 1631 439 1678 hanc,
463 1632 624 1680 quando
645 1644 724 1668 una
743 1630 845 1669 uiuis
866 1631 963 1669 meis
985 1631 1176 1685 morigera
1195 1631 1382 1670 moribuS.

59 1706 99 1729 20
120 1695 193 1733 ER.
225 1696 301 1733 hoc
321 1695 456 1734 animo
476 1697 590 1734 decet
610 1695 805 1734 animatos
826 1710 911 1735 esse
930 1705 1125 1735 amatores
1145 1697 1302 1747 probos.

119 1761 186 1797 PE.
219 1759 286 1810 qui
306 1760 468 1810 quidem
488 1762 539 1799 ad
561 1761 858 1800 mendicitatem
880 1775 921 1800 se
941 1770 1152 1812 properent
1170 1763 1390 1816 detrudere.

118 1826 233 1863 MEN.
265 1833 449 1875 quattuor
469 1826 585 1864 minis
606 1840 679 1877 ego
700 1826 778 1865 emi
798 1826 922 1865 istanc
943 1841 1049 1866 anno
1069 1827 1178 1866 uxori
1199 1841 1322 1866 meae.
1466 1832 1532 1868 205

117 1892 184 1929 PE.
217 1899 402 1941 quattuor
422 1891 551 1930 minae
571 1891 769 1942 perierunt
790 1894 916 1942 plane,
940 1900 982 1931 ut
1002 1893 1099 1931 ratio
1120 1893 1306 1931 redditur.

117 1956 232 1994 MEN.
264 1956 346 1995 scin
376 1956 471 2007 quid
502 1959 595 1996 uolo
628 1970 702 2007 ego
732 1965 769 1996 te
795 1960 1011 1997 accurare?
1077 1959 1152 1996 ER.
1185 1958 1279 2006 scio,
1301 1959 1448 1997 curabo

1202 2036 1304 2074 quae
1324 2024 1445 2062 uoles.

161 2126 221 2157 188
245 2126 350 2157 Tuest
375 2127 394 2158 l.
425 2126 464 2167 P,
495 2127 528 2157 A
557 2139 588 2158 n.
618 2126 663 2166 l.;
685 2127 765 2166 fort.
794 2132 850 2159 tua
872 2127 891 2160 l.
913 2133 964 2158 est
1053 2128 1134 2167 fort.
1161 2128 1351 2159 adiudicato
1368 2127 1448 2171 (tu)

114 2169 200 2200 scies
218 2169 251 2199 P
269 2171 321 2209 (cf.
343 2171 418 2210 178)
578 2182 647 2210 194-
659 2182 721 2201 202
743 2172 865 2211 priores
879 2176 990 2212 partes
1004 2172 1158 2213 leguntur
1170 2172 1289 2213 AN
1373 2183 1445 2212 194,

119 2223 177 2252 195
203 2214 394 2245 iamdudum
412 2214 559 2253 oportuit
579 2215 666 2245 codd.
687 2214 791 2245 Nonii
806 2216 867 2254 138
885 2215 1067 2256 (neglegens
1085 2217 1203 2257 citatio)
1285 2216 1445 2256 adeptum

113 2256 201 2288 codd.
216 2258 319 2288 Nonii
459 2260 520 2297 196
543 2268 626 2297 quas
643 2259 723 2288 noui
740 2258 819 2289 uolo
843 2258 1068 2291 Camerarius:
1095 2270 1180 2299 quas
1196 2270 1258 2290 suo
1271 2260 1385 2290 uiuolo
1401 2259 1442 2299 P,

113 2300 146 2330 A
167 2313 197 2333 n.
217 2302 237 2333 I.
259 2302 292 2339 (i.
313 2301 348 2340 5)
491 2311 551 2341 199
567 2313 594 2333 e.
609 2302 669 2333 i.s.
691 2313 721 2333 n.
741 2303 818 2333 salt.
831 2302 864 2332 A
993 2313 1099 2334 2oo-1
1119 2314 1194 2334 meo
1212 2327 1219 2335 .
1240 2329 1247 2336 .
1265 2328 1272 2335 .
1291 2304 1443 2344 periculo

113 2343 265 2376 Peniculo
281 2345 339 2376 dat
354 2344 481 2376 Schoell
612 2357 678 2376 200
701 2347 790 2376 haud
807 2346 898 2377 initio
911 2357 974 2387 seq.
988 2357 1100 2377 versus
1109 2346 1186 2387 ΑΡ,
1202 2357 1266 2379 om.
1281 2346 1347 2378 cod.
1359 2347 1449 2378 Festi

112 2398 177 2426 302
309 2399 369 2419 201
399 2389 567 2419 Hercules
592 2390 679 2420 haud
704 2400 755 2421 ae.
781 2389 851 2421 edd.
985 2400 1049 2421 202
1078 2391 1176 2421 mieis
1200 2390 1267 2423 cod.
1292 2391 1443 2433 (antiqua

101 2432 236 2471 jbrma)
375 2443 435 2472 204
462 2443 499 2463 se
515 2433 698 2472 proderent
716 2433 765 2463 P:
791 2439 977 2474 properent
995 2444 1031 2465 se
1048 2434 1080 2464 A
1102 2438 1139 2465 ut
1153 2434 1216 2466 vid.
1379 2443 1443 2473 205

113 2478 225 2515 egomi
241 2480 338 2507 stane
356 2476 388 2506 P
403 2478 494 2517 (corr.
513 2476 575 2514 8²)
710 2488 772 2516 207
799 2489 864 2517 ego
886 2489 949 2509 om.
969 2478 1002 2507 Α
