1737 2765
89 154 135 192 V.
157 155 203 191 iv
582 153 627 190 T.
662 151 843 191 MACCI
876 150 1080 188 PLAVTI

160 267 223 303 SE.
257 278 398 316 magna
418 278 507 303 cum
530 277 623 303 cura
643 277 716 314 ego
737 264 845 302 illum
867 262 991 301 curari
1013 263 1116 301 uolo.
1507 262 1573 308 895

161 333 274 369 MED.
307 330 401 380 quin
423 330 628 380 suspirabo
648 331 736 379 plus
758 332 986 368 †scscenta†
1006 327 1045 365 in
1066 327 1151 367 dies
1169 341 1178 365 ε

160 395 213 434 ita
234 409 306 445 ego
328 395 416 433 611111
440 409 529 433 cum
551 408 643 432 cura
665 407 807 443 magna
829 393 974 431 curabo
996 393 1078 430 tibi.

101 478 139 500 10
161 463 225 499 SE.
276 468 394 510 atque
438 474 574 499 eccum
617 459 745 510 ipsum
786 458 1000 497 hominem.
1073 459 1328 507 &pseruemus
1367 467 1486 505 quam

1286 534 1365 559 rem
1385 526 1485 568 agat.

110 693 140 720 v
251 681 709 718 MENAEcflmvsI
823 680 1009 717 SENEx
1123 678 1381 714 MEDicvs

159 781 273 817 MEN.
318 780 471 829 Edepol
512 792 561 817 ne
593 778 657 816 hic
692 777 776 817 dies
812 790 1021 828 peruorsus
1053 784 1172 825 atquc
1206 776 1398 812 aduorsus
1433 773 1485 811 mi

1335 838 1484 887 optigit.

158 922 260 959 quae
281 922 343 947 me
365 910 465 947 clam
486 916 590 947 ratus
611 922 699 946 sum
721 909 858 955 facere,
882 906 1016 946 &mnia
1036 919 1082 944 ea
1102 904 1193 943 fecit
1213 905 1341 954 palam
1505 910 1576 944 900

157 974 347 1025 parasitus
369 974 435 1024 qui
459 987 521 1012 me
542 973 758 1023 compleuit
779 972 899 1023 flagiti
920 980 958 1011 et
978 969 1211 1016 formidinis,

158 1053 269 1077 meus
290 1039 434 1086 Vlixes,
457 1051 529 1077 suo
550 1038 616 1089 qui
639 1038 717 1088 regi
738 1045 891 1076 tantum
914 1036 1087 1075 conciuit
1109 1034 1211 1073 mali.

120 1119 137 1150 5
158 1103 276 1154 que'm
299 1117 370 1153 ego
392 1103 607 1151 h6minem,
630 1102 661 1141 si
683 1102 845 1153 quidem
866 1102 972 1148 uiuo,
996 1101 1076 1140 uita
1097 1102 1278 1139 euoluam
1301 1113 1423 1138 sua—-

157 1170 228 1208 sed
249 1181 322 1218 ego
343 1170 482 1207 stultus
504 1181 602 1215 sum,
625 1167 693 1218 qui
714 1166 816 1205 illius
837 1180 922 1205 esse
943 1166 1036 1205 dico
1056 1179 1157 1216 quae
1177 1172 1324 1203 meast:

158 1247 248 1272 meo
269 1234 359 1272 cibo
380 1240 417 1271 et
438 1240 598 1283 sumptu
619 1233 837 1271 educatust.
897 1230 1030 1269 anima
1052 1229 1217 1280 priuabo
1238 1229 1376 1268 uirum.
1506 1239 1572 1276 905

158 1298 355 1348 condigne
376 1305 508 1336 autem
529 1299 627 1335 haec
649 1296 830 1335 meretrix
849 1296 951 1343 fecit,
975 1303 1017 1334 ut
1038 1309 1124 1334 mos
1145 1303 1203 1334 est
1223 1294 1488 1334 meretricius:

159 1363 251 1413 quia
272 1377 365 1413 rogo
386 1364 489 1413 palla
509 1362 550 1401 ut
571 1364 755 1401 referatur
775 1375 909 1400 rusum
930 1362 982 1400 ad
1002 1374 1164 1400 uxorem
1184 1373 1325 1409 meam,

103 1441 140 1463 10
160 1429 256 1467 mihi
277 1442 318 1467 se
338 1428 392 1467 ait
412 1428 579 1467 dedisse.
639 1442 687 1466 eu
709 1429 851 1478 edepol
871 1431 877 1465 ἒ
926 1426 976 1465 ne
997 1440 1069 1477 ego
1090 1428 1212 1465 homo
1232 1426 1326 1464 uiuo
1347 1425 1474 1465 miser.

160 1496 223 1533 SE.
260 1493 381 1533 audin
420 1507 522 1544 quae
561 1492 761 1543 loquitur?
818 1494 939 1530 MED..
975 1505 1016 1530 se
1051 1490 1234 1529 miserum
1274 1490 1484 1541 praedicat.

1117 1557 1181 1594 SE.
1213 1557 1333 1594 adeas
1353 1555 1484 1595 uelim.

159 1626 273 1663 MED.
306 1625 436 1663 saluos
468 1623 530 1671 sis,
566 1623 842 1662 Menaechme.
916 1634 1076 1673 quaeso,
1113 1634 1186 1672 qur
1217 1627 1371 1678 apertas
1405 1621 1489 1659 bra·
1506 1628 1576 1664 910

1250 1678 1275 1684 d
1298 1685 1456 1725 echium
1471 1687 1489 1724 ?

159 1770 240 1795 non
261 1763 301 1794 tu
324 1754 398 1794 scis
419 1762 610 1805 quantum
634 1754 695 1792 isti
717 1754 857 1793 morbo
878 1766 985 1792 nunc
1005 1760 1074 1792 tuo
1096 1752 1214 1791 facias
1236 1751 1360 1790 mali?

161 1823 276 1860 ΜΕΝ.
317 1821 412 1871 quin
443 1829 484 1859 tu
514 1828 551 1859 te
582 1820 821 1870 suspendis?
890 1821 953 1858 SE.
987 1818 1131 1869 ecquid
1160 1817 1314 1872 sentis?
1370 1818 1485 1855 MED.

1132 1882 1271 1934 quidni
1291 1882 1457 1921 sentiam
1472 1884 1489 1920 Ρ

104 1965 141 1998 15
160 1965 240 1990 11011
262 1959 391 2002 potest
411 1953 508 1990 haec
529 1965 588 1990 res
609 1950 771 1990 ellebori
791 1950 951 2001 iungere
971 1949 1191 2000 optinerier.

159 2018 230 2056 sed
263 2017 359 2067 quid
394 2017 462 2063 ais,
500 2017 794 2054 Menaechme?
852 2017 967 2053 ΜΕΝ.
1000 2014 1096 2065 quid
1130 2014 1219 2053 uis?
1276 2015 1390 2052 MED.
1422 2012 1488 2052 dic

966 2079 1062 2117 mihi
1083 2080 1159 2117 hoc
1180 2079 1289 2129 quod
1309 2086 1348 2117 te
1367 2091 1487 2128 rogo:

201 2188 266 2226 896
289 2190 466 2217 sescentos
499 2184 709 2215 Camerarius
798 2183 851 2213 die
881 2183 1078 2219 Lambinus,
1102 2182 1159 2213 sed
1180 2170 1381 2221 gf—Pbdslob
1407 2182 1487 2223 (Lit.

160 2231 331 2262 Centralbl.
355 2231 446 2268 1895.
467 2239 497 2268 p.
522 2230 618 2267 1761&
701 2226 781 2267 sort.
802 2232 957 2257 sescenta
974 2227 1087 2257 sexies
1106 2227 1152 2265 (vi
1171 2226 1236 2265 ies)
1363 2227 1426 2266 897
1443 2226 1489 2257 ita

158 2286 186 2306 6.
208 2285 283 2305 eum
300 2273 466 2312 Kacmps:
491 2273 535 2302 ita
553 2282 581 2302 c.
602 2271 694 2301 illum
712 2270 776 2301 cod.
799 2271 850 2310 (cf
873 2270 1008 2301 adAul.
1030 2272 1127 2309 758):
1144 2270 1225 2308 sort.
1246 2270 1292 2300 ita
1313 2270 1443 2309 (infine
1457 2280 1487 2302 v.

153 2317 379 2359 praecedentis)
396 2317 467 2355 Ego
484 2315 576 2345 illum
694 2326 759 2354 900
784 2325 823 2344 ea
835 2314 947 2344 omnia
958 2313 1023 2344 cod.
1045 2325 1052 2344 ε
1075 2313 1148 2344 trai.
1165 2313 1267 2343 Botlze
1283 2313 1379 2344 metri
1388 2323 1487 2344 causa

157 2372 222 2402 903
248 2362 319 2392 nita
335 2360 401 2391 cod.
420 2367 510 2399 (corr.
531 2358 589 2398 ΕΞ)
696 2359 762 2397 906
785 2357 1021 2388 meretricibus
1038 2356 1070 2386 Β
1170 2367 1235 2396 909
1258 2357 1320 2387 sed
1332 2355 1398 2389 cod.
1416 2357 1488 2398 (vix

157 2405 297 2444 antiqua
313 2403 557 2444 orlltograpln'm
677 2412 740 2441 913
765 2401 914 2440 unguine
934 2401 1039 2439 (iung.
1054 2400 1079 2439 2)
1097 2398 1145 2429 B²
1162 2412 1168 2431 ε
1193 2401 1311 2440 ingere
1326 2399 1414 2440 Ital„
1432 2399 1492 2431 sed

153 2452 257 2490 potest
271 2449 411 2487 iungere
429 2447 491 2478 abl.
511 2457 608 2476 casus
623 2445 768 2476 nominis
784 2445 908 2483 iungus
926 2444 998 2484 (Gr.
1020 2442 1143 2483 ζεῦγος)
1161 2454 1225 2474 esse
