<?xml version="1.0" encoding="UTF-8"?>
<!DOCTYPE html PUBLIC "-//W3C//DTD XHTML 1.0 Transitional//EN"
    "http://www.w3.org/TR/xhtml1/DTD/xhtml1-transitional.dtd">
<html xmlns="http://www.w3.org/1999/xhtml" xml:lang="en" lang="en">
 <head>
  <title>
</title>
<meta http-equiv="Content-Type" content="text/html;charset=utf-8" />
  <meta name='ocr-system' content='tesseract 3.04.00' />
  <meta name='ocr-capabilities' content='ocr_page ocr_carea ocr_par ocr_line ocrx_word'/>
</head>
<body>
  <div class='ocr_page' id='page_1' title='image "./menaechmi00plauuoft/menaechmi00plauuoft_0110.png"; bbox 0 0 1737 2765; ppageno 0'>
   <div class='ocr_carea' id='block_1_1' title="bbox 112 160 160 198">
    <p class='ocr_par' dir='ltr' id='par_1_1' title="bbox 112 160 160 198">
     <span class='ocr_line' id='line_1_1' title="bbox 112 160 160 198; baseline 0.042 -2"><span class='ocrx_word' id='word_1_1' title='bbox 112 160 160 198; x_wconf 90' lang='lat' dir='ltr'>V.</span> 
     </span>
    </p>
   </div>
   <div class='ocr_carea' id='block_1_2' title="bbox 122 351 161 383">
    <p class='ocr_par' dir='ltr' id='par_1_2' title="bbox 122 351 161 383">
     <span class='ocr_line' id='line_1_2' title="bbox 122 351 161 383; baseline 0.026 -1"><span class='ocrx_word' id='word_1_2' title='bbox 122 351 161 383; x_wconf 80' lang='lat'>35</span> 
     </span>
    </p>
   </div>
   <div class='ocr_carea' id='block_1_3' title="bbox 118 746 160 777">
    <p class='ocr_par' dir='ltr' id='par_1_3' title="bbox 118 746 160 777">
     <span class='ocr_line' id='line_1_3' title="bbox 118 746 160 777; baseline 0 -10"><span class='ocrx_word' id='word_1_3' title='bbox 118 746 160 777; x_wconf 84' lang='lat'>40</span> 
     </span>
    </p>
   </div>
   <div class='ocr_carea' id='block_1_4' title="bbox 117 1202 157 1234">
    <p class='ocr_par' dir='ltr' id='par_1_4' title="bbox 117 1202 157 1234">
     <span class='ocr_line' id='line_1_4' title="bbox 117 1202 157 1234; baseline 0 0"><span class='ocrx_word' id='word_1_4' title='bbox 117 1202 157 1234; x_wconf 84' lang='lat'>45</span> 
     </span>
    </p>
   </div>
   <div class='ocr_carea' id='block_1_5' title="bbox 118 1660 161 1692">
    <p class='ocr_par' dir='ltr' id='par_1_5' title="bbox 118 1660 161 1692">
     <span class='ocr_line' id='line_1_5' title="bbox 118 1660 161 1692; baseline 0 -10"><span class='ocrx_word' id='word_1_5' title='bbox 118 1660 161 1692; x_wconf 77' lang='lat'>50</span> 
     </span>
    </p>
   </div>
   <div class='ocr_carea' id='block_1_6' title="bbox 182 162 1094 201">
    <p class='ocr_par' dir='ltr' id='par_1_6' title="bbox 182 162 1094 201">
     <span class='ocr_line' id='line_1_6' title="bbox 182 162 1094 201; baseline 0.001 -3"><span class='ocrx_word' id='word_1_6' title='bbox 182 172 213 198; x_wconf 90' lang='lat' dir='ltr'><strong>v</strong></span> <span class='ocrx_word' id='word_1_7' title='bbox 599 163 644 200; x_wconf 93' lang='lat' dir='ltr'>T.</span> <span class='ocrx_word' id='word_1_8' title='bbox 679 163 857 201; x_wconf 89' lang='lat' dir='ltr'><strong>MACCI</strong></span> <span class='ocrx_word' id='word_1_9' title='bbox 891 162 1094 199; x_wconf 84' lang='lat' dir='ltr'><strong>PLAVTI</strong></span> 
     </span>
    </p>
   </div>
   <div class='ocr_carea' id='block_1_7' title="bbox 177 274 1661 1161">
    <p class='ocr_par' dir='ltr' id='par_1_7' title="bbox 182 274 1409 315">
     <span class='ocr_line' id='line_1_7' title="bbox 182 274 1409 315; baseline 0.002 -3"><span class='ocrx_word' id='word_1_10' title='bbox 182 287 274 312; x_wconf 86' lang='lat' dir='ltr'>nam</span> <span class='ocrx_word' id='word_1_11' title='bbox 295 275 448 314; x_wconf 89' lang='lat' dir='ltr'>dudum</span> <span class='ocrx_word' id='word_1_12' title='bbox 469 288 630 315; x_wconf 88' lang='lat' dir='ltr'>uxorem</span> <span class='ocrx_word' id='word_1_13' title='bbox 652 289 763 314; x_wconf 87' lang='lat' dir='ltr'>suam</span> <span class='ocrx_word' id='word_1_14' title='bbox 784 289 870 314; x_wconf 86' lang='lat' dir='ltr'>esse</span> <span class='ocrx_word' id='word_1_15' title='bbox 890 275 1020 314; x_wconf 88' lang='lat' dir='ltr'>aiebat</span> <span class='ocrx_word' id='word_1_16' title='bbox 1042 274 1237 314; x_wconf 80' lang='lat' dir='ltr'>rabiosam</span> <span class='ocrx_word' id='word_1_17' title='bbox 1258 289 1409 314; x_wconf 88' lang='lat' dir='ltr'>canem.</span> 
     </span>
    </p>

    <p class='ocr_par' dir='ltr' id='par_1_8' title="bbox 183 339 1512 456">
     <span class='ocr_line' id='line_1_8' title="bbox 183 339 1512 392; baseline 0.003 -15"><span class='ocrx_word' id='word_1_18' title='bbox 183 339 298 377; x_wconf 71' lang='grc' dir='ltr'>ΜΕΝ.</span> <span class='ocrx_word' id='word_1_19' title='bbox 323 339 430 390; x_wconf 85' lang='lat' dir='ltr'>quid,</span> <span class='ocrx_word' id='word_1_20' title='bbox 453 341 555 390; x_wconf 89' lang='lat' dir='ltr'>ego?</span> <span class='ocrx_word' id='word_1_21' title='bbox 597 341 661 378; x_wconf 80' lang='lat' dir='ltr'>SE.</span> <span class='ocrx_word' id='word_1_22' title='bbox 684 340 779 379; x_wconf 85' lang='lat' dir='ltr'>dixti</span> <span class='ocrx_word' id='word_1_23' title='bbox 801 339 972 387; x_wconf 87' lang='lat' dir='ltr'>insanus,</span> <span class='ocrx_word' id='word_1_24' title='bbox 996 339 1169 390; x_wconf 88' lang='lat' dir='ltr'>inquam.</span> <span class='ocrx_word' id='word_1_25' title='bbox 1218 342 1332 378; x_wconf 72' lang='grc' dir='ltr'>ΜΕΝ.</span> <span class='ocrx_word' id='word_1_26' title='bbox 1357 340 1512 392; x_wconf 90' lang='lat' dir='ltr'>e&#39;gone?</span> 
     </span>
     <span class='ocr_line' id='line_1_9' title="bbox 1052 405 1511 456; baseline 0.002 -13"><span class='ocrx_word' id='word_1_27' title='bbox 1052 407 1114 443; x_wconf 79' lang='lat' dir='ltr'>SE.</span> <span class='ocrx_word' id='word_1_28' title='bbox 1148 407 1186 443; x_wconf 76' lang='lat' dir='ltr'>tu</span> <span class='ocrx_word' id='word_1_29' title='bbox 1211 405 1306 452; x_wconf 84' lang='lat' dir='ltr'>istic,</span> <span class='ocrx_word' id='word_1_30' title='bbox 1325 405 1393 456; x_wconf 83' lang='lat' dir='ltr'>qui</span> <span class='ocrx_word' id='word_1_31' title='bbox 1415 405 1511 444; x_wconf 84' lang='lat' dir='ltr'>mihi</span> 
     </span>
    </p>

    <p class='ocr_par' dir='ltr' id='par_1_9' title="bbox 179 469 1276 521">
     <span class='ocr_line' id='line_1_10' title="bbox 179 469 1276 521; baseline -0.001 -13"><span class='ocrx_word' id='word_1_32' title='bbox 179 469 297 508; x_wconf 88' lang='lat' dir='ltr'>etiam</span> <span class='ocrx_word' id='word_1_33' title='bbox 319 483 382 508; x_wconf 89' lang='lat' dir='ltr'>me</span> <span class='ocrx_word' id='word_1_34' title='bbox 402 470 545 509; x_wconf 90' lang='lat' dir='ltr'>iunctis</span> <span class='ocrx_word' id='word_1_35' title='bbox 565 470 763 521; x_wconf 83' lang='lat' dir='ltr'>quadrigis</span> <span class='ocrx_word' id='word_1_36' title='bbox 786 469 998 508; x_wconf 84' lang='lat' dir='ltr'>minitatu⁷s</span> <span class='ocrx_word' id='word_1_37' title='bbox 1021 477 1276 520; x_wconf 79' lang='lat' dir='ltr'>prosternere.</span> 
     </span>
    </p>

    <p class='ocr_par' dir='ltr' id='par_1_10' title="bbox 179 534 1661 587">
     <span class='ocr_line' id='line_1_11' title="bbox 179 534 1661 587; baseline 0.002 -14"><span class='ocrx_word' id='word_1_38' title='bbox 179 542 335 585; x_wconf 82' lang='lat' dir='ltr'>egomet</span> <span class='ocrx_word' id='word_1_39' title='bbox 356 537 453 573; x_wconf 86' lang='lat' dir='ltr'>haec</span> <span class='ocrx_word' id='word_1_40' title='bbox 474 543 512 573; x_wconf 87' lang='lat' dir='ltr'>te</span> <span class='ocrx_word' id='word_1_41' title='bbox 534 535 615 574; x_wconf 91' lang='lat' dir='ltr'>uidi</span> <span class='ocrx_word' id='word_1_42' title='bbox 638 537 777 582; x_wconf 89' lang='lat' dir='ltr'>facere,</span> <span class='ocrx_word' id='word_1_43' title='bbox 799 534 954 585; x_wconf 76' lang='lat' dir='ltr'>egomet</span> <span class='ocrx_word' id='word_1_44' title='bbox 976 536 1074 572; x_wconf 84' lang='lat' dir='ltr'>haec</span> <span class='ocrx_word' id='word_1_45' title='bbox 1096 536 1161 572; x_wconf 88' lang='lat' dir='ltr'>ted</span> <span class='ocrx_word' id='word_1_46' title='bbox 1183 548 1313 585; x_wconf 82' lang='lat' dir='ltr'>arguo.</span> <span class='ocrx_word' id='word_1_47' title='bbox 1529 551 1661 587; x_wconf 89' lang='lat' dir='ltr'>939·4o</span> 
     </span>
    </p>

    <p class='ocr_par' dir='ltr' id='par_1_11' title="bbox 181 598 1430 652">
     <span class='ocr_line' id='line_1_12' title="bbox 181 598 1430 652; baseline 0.001 -14"><span class='ocrx_word' id='word_1_48' title='bbox 181 601 296 638; x_wconf 83' lang='lat' dir='ltr'><strong>MEN.</strong></span> <span class='ocrx_word' id='word_1_49' title='bbox 328 607 367 638; x_wconf 85' lang='lat' dir='ltr'>at</span> <span class='ocrx_word' id='word_1_50' title='bbox 388 614 460 650; x_wconf 85' lang='lat' dir='ltr'>ego</span> <span class='ocrx_word' id='word_1_51' title='bbox 481 607 519 638; x_wconf 84' lang='lat' dir='ltr'>te</span> <span class='ocrx_word' id='word_1_52' title='bbox 539 613 688 638; x_wconf 89' lang='lat' dir='ltr'>sacram</span> <span class='ocrx_word' id='word_1_53' title='bbox 710 613 896 638; x_wconf 82' lang='lat' dir='ltr'>coronam</span> <span class='ocrx_word' id='word_1_54' title='bbox 918 599 1162 649; x_wconf 80' lang='lat' dir='ltr'>surrupuisse</span> <span class='ocrx_word' id='word_1_55' title='bbox 1184 600 1283 638; x_wconf 89' lang='lat' dir='ltr'>Ioui&#39;</span> <span class='ocrx_word' id='word_1_56' title='bbox 1301 598 1430 652; x_wconf 72' lang='lat' dir='ltr'>(scio),</span> 
     </span>
    </p>

    <p class='ocr_par' dir='ltr' id='par_1_12' title="bbox 181 664 1362 715">
     <span class='ocr_line' id='line_1_13' title="bbox 181 664 1362 715; baseline 0.001 -13"><span class='ocrx_word' id='word_1_57' title='bbox 181 671 219 702; x_wconf 89' lang='lat' dir='ltr'>et</span> <span class='ocrx_word' id='word_1_58' title='bbox 240 665 292 703; x_wconf 90' lang='lat' dir='ltr'>ob</span> <span class='ocrx_word' id='word_1_59' title='bbox 314 678 400 703; x_wconf 87' lang='lat' dir='ltr'>eam</span> <span class='ocrx_word' id='word_1_60' title='bbox 422 678 503 702; x_wconf 89' lang='lat' dir='ltr'>rem</span> <span class='ocrx_word' id='word_1_61' title='bbox 524 664 563 702; x_wconf 89' lang='lat' dir='ltr'>in</span> <span class='ocrx_word' id='word_1_62' title='bbox 585 678 779 703; x_wconf 81' lang='lat' dir='ltr'>carcerem</span> <span class='ocrx_word' id='word_1_63' title='bbox 801 666 868 703; x_wconf 89' lang='lat' dir='ltr'>ted</span> <span class='ocrx_word' id='word_1_64' title='bbox 889 678 974 703; x_wconf 87' lang='lat' dir='ltr'>esse</span> <span class='ocrx_word' id='word_1_65' title='bbox 994 672 1246 715; x_wconf 86' lang='lat' dir='ltr'>compactum</span> <span class='ocrx_word' id='word_1_66' title='bbox 1270 665 1362 712; x_wconf 87' lang='lat' dir='ltr'>scio,</span> 
     </span>
    </p>

    <p class='ocr_par' dir='ltr' id='par_1_13' title="bbox 181 730 1385 780">
     <span class='ocr_line' id='line_1_14' title="bbox 181 730 1385 780; baseline 0 -12"><span class='ocrx_word' id='word_1_67' title='bbox 181 737 218 768; x_wconf 85' lang='lat' dir='ltr'>et</span> <span class='ocrx_word' id='word_1_68' title='bbox 241 737 449 780; x_wconf 81' lang='lat' dir='ltr'>postquam</span> <span class='ocrx_word' id='word_1_69' title='bbox 472 743 513 768; x_wconf 89' lang='lat' dir='ltr'>es</span> <span class='ocrx_word' id='word_1_70' title='bbox 534 730 711 777; x_wconf 73' lang='lat' dir='ltr'>emissus,</span> <span class='ocrx_word' id='word_1_71' title='bbox 734 743 893 768; x_wconf 87' lang='lat' dir='ltr'>caesum</span> <span class='ocrx_word' id='word_1_72' title='bbox 914 730 1032 780; x_wconf 82' lang='lat' dir='ltr'>uirgis</span> <span class='ocrx_word' id='word_1_73' title='bbox 1055 730 1127 767; x_wconf 80' lang='lat' dir='ltr'>sub</span> <span class='ocrx_word' id='word_1_74' title='bbox 1151 731 1257 768; x_wconf 83' lang='lat' dir='ltr'>furca</span> <span class='ocrx_word' id='word_1_75' title='bbox 1277 730 1385 779; x_wconf 85' lang='lat' dir='ltr'>scio;</span> 
     </span>
    </p>

    <p class='ocr_par' dir='ltr' id='par_1_14' title="bbox 180 794 1397 845">
     <span class='ocr_line' id='line_1_15' title="bbox 180 794 1397 845; baseline 0 -12"><span class='ocrx_word' id='word_1_76' title='bbox 180 803 264 833; x_wconf 90' lang='lat' dir='ltr'>tum</span> <span class='ocrx_word' id='word_1_77' title='bbox 285 803 435 845; x_wconf 88' lang='lat' dir='ltr'>patrem</span> <span class='ocrx_word' id='word_1_78' title='bbox 457 795 650 834; x_wconf 88' lang='lat' dir='ltr'>occidisse</span> <span class='ocrx_word' id='word_1_79' title='bbox 671 802 709 833; x_wconf 90' lang='lat' dir='ltr'>et</span> <span class='ocrx_word' id='word_1_80' title='bbox 730 802 893 833; x_wconf 88' lang='lat' dir='ltr'>matrem</span> <span class='ocrx_word' id='word_1_81' title='bbox 915 795 1144 834; x_wconf 85' lang='lat' dir='ltr'>uendidisse</span> <span class='ocrx_word' id='word_1_82' title='bbox 1165 794 1282 833; x_wconf 89' lang='lat' dir='ltr'>etiam</span> <span class='ocrx_word' id='word_1_83' title='bbox 1305 795 1397 834; x_wconf 88' lang='lat' dir='ltr'>scio.</span> 
     </span>
    </p>

    <p class='ocr_par' dir='ltr' id='par_1_15' title="bbox 178 859 1596 910">
     <span class='ocr_line' id='line_1_16' title="bbox 178 859 1596 910; baseline 0.001 -12"><span class='ocrx_word' id='word_1_84' title='bbox 178 860 279 899; x_wconf 87' lang='lat' dir='ltr'>satin</span> <span class='ocrx_word' id='word_1_85' title='bbox 301 861 398 898; x_wconf 88' lang='lat' dir='ltr'>haec</span> <span class='ocrx_word' id='word_1_86' title='bbox 419 873 489 910; x_wconf 90' lang='lat' dir='ltr'>pro</span> <span class='ocrx_word' id='word_1_87' title='bbox 511 873 607 898; x_wconf 85' lang='lat' dir='ltr'>sano</span> <span class='ocrx_word' id='word_1_88' title='bbox 629 861 730 898; x_wconf 91' lang='lat' dir='ltr'>male</span> <span class='ocrx_word' id='word_1_89' title='bbox 750 859 856 898; x_wconf 88' lang='lat' dir='ltr'>dicta</span> <span class='ocrx_word' id='word_1_90' title='bbox 877 862 978 898; x_wconf 91' lang='lat' dir='ltr'>male</span> <span class='ocrx_word' id='word_1_91' title='bbox 1000 859 1116 898; x_wconf 89' lang='lat' dir='ltr'>dictis</span> <span class='ocrx_word' id='word_1_92' title='bbox 1139 861 1391 910; x_wconf 88' lang='lat' dir='ltr'>respondeo?</span> <span class='ocrx_word' id='word_1_93' title='bbox 1529 868 1596 905; x_wconf 87' lang='grc'>945</span> 
     </span>
    </p>

    <p class='ocr_par' dir='ltr' id='par_1_16' title="bbox 178 924 1509 976">
     <span class='ocr_line' id='line_1_17' title="bbox 178 924 1509 976; baseline 0 -12"><span class='ocrx_word' id='word_1_94' title='bbox 178 927 242 964; x_wconf 81' lang='lat' dir='ltr'>SE.</span> <span class='ocrx_word' id='word_1_95' title='bbox 287 938 452 976; x_wconf 88' lang='lat' dir='ltr'>opsecro</span> <span class='ocrx_word' id='word_1_96' title='bbox 500 926 642 972; x_wconf 89' lang='lat' dir='ltr'>hercle,</span> <span class='ocrx_word' id='word_1_97' title='bbox 691 924 854 972; x_wconf 90' lang='lat' dir='ltr'>medice,</span> <span class='ocrx_word' id='word_1_98' title='bbox 892 939 1057 975; x_wconf 86' lang='lat' dir='ltr'>propere</span> <span class='ocrx_word' id='word_1_99' title='bbox 1091 924 1289 974; x_wconf 87' lang='lat' dir='ltr'>quidquid</span> <span class='ocrx_word' id='word_1_100' title='bbox 1326 926 1509 964; x_wconf 87' lang='lat' dir='ltr'>facturu’s</span> 
     </span>
    </p>

    <p class='ocr_par' dir='ltr' id='par_1_17' title="bbox 177 993 1511 1161">
     <span class='ocr_line' id='line_1_18' title="bbox 1410 993 1506 1031; baseline 0.01 -2"><span class='ocrx_word' id='word_1_101' title='bbox 1410 993 1506 1031; x_wconf 87' lang='lat' dir='ltr'>face.</span> 
     </span>
     <span class='ocr_line' id='line_1_19' title="bbox 177 1056 1511 1107; baseline 0 -11"><span class='ocrx_word' id='word_1_102' title='bbox 177 1071 257 1096; x_wconf 89' lang='lat' dir='ltr'>non</span> <span class='ocrx_word' id='word_1_103' title='bbox 288 1057 399 1096; x_wconf 86' lang='lat' dir='ltr'>uides</span> <span class='ocrx_word' id='word_1_104' title='bbox 430 1056 633 1096; x_wconf 84' lang='lat' dir='ltr'>hominem</span> <span class='ocrx_word' id='word_1_105' title='bbox 663 1057 862 1095; x_wconf 86' lang='lat' dir='ltr'>insanire?</span> <span class='ocrx_word' id='word_1_106' title='bbox 920 1059 1033 1095; x_wconf 79' lang='lat' dir='ltr'>MED.</span> <span class='ocrx_word' id='word_1_107' title='bbox 1067 1056 1151 1095; x_wconf 87' lang='lat' dir='ltr'>scin</span> <span class='ocrx_word' id='word_1_108' title='bbox 1176 1057 1273 1107; x_wconf 86' lang='lat' dir='ltr'>quid</span> <span class='ocrx_word' id='word_1_109' title='bbox 1298 1057 1416 1095; x_wconf 87' lang='lat' dir='ltr'>facias</span> <span class='ocrx_word' id='word_1_110' title='bbox 1442 1070 1511 1107; x_wconf 93' lang='lat' dir='ltr'>op-</span> 
     </span>
     <span class='ocr_line' id='line_1_20' title="bbox 1245 1124 1511 1161; baseline 0 -1"><span class='ocrx_word' id='word_1_111' title='bbox 1245 1129 1399 1160; x_wconf 88' lang='lat' dir='ltr'>tumum</span> <span class='ocrx_word' id='word_1_112' title='bbox 1419 1129 1478 1161; x_wconf 88' lang='lat' dir='ltr'>est</span> <span class='ocrx_word' id='word_1_113' title='bbox 1493 1124 1511 1160; x_wconf 92' lang='lat'>?</span> 
     </span>
    </p>
   </div>
   <div class='ocr_carea' id='block_1_8' title="bbox 178 1187 1512 1370">
    <p class='ocr_par' dir='ltr' id='par_1_18' title="bbox 178 1187 1512 1370">
     <span class='ocr_line' id='line_1_21' title="bbox 178 1187 1511 1238; baseline -0.002 -11"><span class='ocrx_word' id='word_1_114' title='bbox 178 1189 229 1227; x_wconf 82' lang='lat' dir='ltr'>ad</span> <span class='ocrx_word' id='word_1_115' title='bbox 260 1201 323 1227; x_wconf 85' lang='lat' dir='ltr'>me</span> <span class='ocrx_word' id='word_1_116' title='bbox 352 1189 437 1227; x_wconf 89' lang='lat' dir='ltr'>face</span> <span class='ocrx_word' id='word_1_117' title='bbox 466 1187 522 1226; x_wconf 92' lang='lat' dir='ltr'>uti</span> <span class='ocrx_word' id='word_1_118' title='bbox 551 1189 756 1227; x_wconf 89' lang='lat' dir='ltr'>deferatur.</span> <span class='ocrx_word' id='word_1_119' title='bbox 816 1189 880 1226; x_wconf 82' lang='lat' dir='ltr'>SE.</span> <span class='ocrx_word' id='word_1_120' title='bbox 914 1187 1018 1226; x_wconf 88' lang='lat' dir='ltr'>itane</span> <span class='ocrx_word' id='word_1_121' title='bbox 1037 1188 1205 1226; x_wconf 86' lang='lat' dir='ltr'>censes?</span> <span class='ocrx_word' id='word_1_122' title='bbox 1263 1188 1377 1225; x_wconf 81' lang='lat' dir='ltr'><strong>MED.</strong></span> <span class='ocrx_word' id='word_1_123' title='bbox 1400 1187 1511 1238; x_wconf 88' lang='lat' dir='ltr'>quip-</span> 
     </span>
     <span class='ocr_line' id='line_1_22' title="bbox 1400 1252 1512 1303; baseline 0 -13"><span class='ocrx_word' id='word_1_124' title='bbox 1400 1252 1512 1303; x_wconf 89' lang='lat' dir='ltr'>pini?</span> 
     </span>
     <span class='ocr_line' id='line_1_23' title="bbox 178 1318 1507 1370; baseline -0.001 -12"><span class='ocrx_word' id='word_1_125' title='bbox 178 1319 233 1358; x_wconf 90' lang='lat' dir='ltr'>ibi</span> <span class='ocrx_word' id='word_1_126' title='bbox 254 1333 344 1358; x_wconf 92' lang='lat' dir='ltr'>meo</span> <span class='ocrx_word' id='word_1_127' title='bbox 364 1320 552 1358; x_wconf 86' lang='lat' dir='ltr'>arbitratu</span> <span class='ocrx_word' id='word_1_128' title='bbox 573 1327 711 1370; x_wconf 87' lang='lat' dir='ltr'>potero</span> <span class='ocrx_word' id='word_1_129' title='bbox 732 1332 865 1357; x_wconf 89' lang='lat' dir='ltr'>curare</span> <span class='ocrx_word' id='word_1_130' title='bbox 879 1318 1094 1357; x_wconf 88' lang='lat' dir='ltr'>hominem.</span> <span class='ocrx_word' id='word_1_131' title='bbox 1146 1321 1208 1357; x_wconf 80' lang='lat' dir='ltr'>SE.</span> <span class='ocrx_word' id='word_1_132' title='bbox 1232 1332 1305 1369; x_wconf 83' lang='lat' dir='ltr'>age</span> <span class='ocrx_word' id='word_1_133' title='bbox 1325 1325 1367 1357; x_wconf 87' lang='lat' dir='ltr'>ut</span> <span class='ocrx_word' id='word_1_134' title='bbox 1387 1318 1507 1357; x_wconf 91' lang='lat' dir='ltr'>lubet.</span> 
     </span>
    </p>
   </div>
   <div class='ocr_carea' id='block_1_9' title="bbox 179 1383 1598 1630">
    <p class='ocr_par' dir='ltr' id='par_1_19' title="bbox 179 1383 1598 1434">
     <span class='ocr_line' id='line_1_24' title="bbox 179 1383 1598 1434; baseline -0.002 -11"><span class='ocrx_word' id='word_1_135' title='bbox 179 1386 293 1423; x_wconf 85' lang='lat' dir='ltr'><strong>MED.</strong></span> <span class='ocrx_word' id='word_1_136' title='bbox 325 1386 542 1423; x_wconf 84' lang='lat' dir='ltr'>elleborum</span> <span class='ocrx_word' id='word_1_137' title='bbox 564 1384 719 1434; x_wconf 88' lang='lat' dir='ltr'>potabis</span> <span class='ocrx_word' id='word_1_138' title='bbox 741 1386 829 1422; x_wconf 79' lang='lat' dir='ltr'>faxo</span> <span class='ocrx_word' id='word_1_139' title='bbox 850 1383 1002 1434; x_wconf 80' lang='lat' dir='ltr'>aliquos</span> <span class='ocrx_word' id='word_1_140' title='bbox 1024 1383 1161 1434; x_wconf 86' lang='lat' dir='ltr'>uiginti</span> <span class='ocrx_word' id='word_1_141' title='bbox 1181 1383 1276 1422; x_wconf 88' lang='lat' dir='ltr'>dies.</span> <span class='ocrx_word' id='word_1_142' title='bbox 1528 1393 1598 1430; x_wconf 87' lang='lat'>950</span> 
     </span>
    </p>

    <p class='ocr_par' dir='ltr' id='par_1_20' title="bbox 179 1448 1426 1501">
     <span class='ocr_line' id='line_1_25' title="bbox 179 1448 1426 1501; baseline -0.001 -12"><span class='ocrx_word' id='word_1_143' title='bbox 179 1452 295 1488; x_wconf 85' lang='lat' dir='ltr'><strong>MEN.</strong></span> <span class='ocrx_word' id='word_1_144' title='bbox 326 1458 366 1489; x_wconf 88' lang='lat' dir='ltr'>at</span> <span class='ocrx_word' id='word_1_145' title='bbox 385 1464 458 1500; x_wconf 87' lang='lat' dir='ltr'>ego</span> <span class='ocrx_word' id='word_1_146' title='bbox 480 1458 517 1489; x_wconf 86' lang='lat' dir='ltr'>te</span> <span class='ocrx_word' id='word_1_147' title='bbox 536 1451 778 1501; x_wconf 86' lang='lat' dir='ltr'>pendentem</span> <span class='ocrx_word' id='word_1_148' title='bbox 799 1449 948 1488; x_wconf 91' lang='lat' dir='ltr'>fodiam</span> <span class='ocrx_word' id='word_1_149' title='bbox 969 1448 1136 1487; x_wconf 87' lang='lat' dir='ltr'>stimulis</span> <span class='ocrx_word' id='word_1_150' title='bbox 1156 1448 1313 1500; x_wconf 86' lang='lat' dir='ltr'>triginta</span> <span class='ocrx_word' id='word_1_151' title='bbox 1331 1448 1426 1488; x_wconf 89' lang='lat' dir='ltr'>dies.</span> 
     </span>
    </p>

    <p class='ocr_par' dir='ltr' id='par_1_21' title="bbox 180 1514 1511 1630">
     <span class='ocr_line' id='line_1_26' title="bbox 180 1514 1507 1564; baseline 0 -10"><span class='ocrx_word' id='word_1_152' title='bbox 180 1517 294 1554; x_wconf 82' lang='lat' dir='ltr'><strong>MED.</strong></span> <span class='ocrx_word' id='word_1_153' title='bbox 327 1517 350 1563; x_wconf 81' lang='grc' dir='ltr'>ι’,</span> <span class='ocrx_word' id='word_1_154' title='bbox 380 1529 533 1554; x_wconf 86' lang='lat' dir='ltr'>arcesse</span> <span class='ocrx_word' id='word_1_155' title='bbox 555 1514 738 1554; x_wconf 86' lang='lat' dir='ltr'>homines</span> <span class='ocrx_word' id='word_1_156' title='bbox 769 1514 837 1564; x_wconf 87' lang='lat' dir='ltr'>qui</span> <span class='ocrx_word' id='word_1_157' title='bbox 869 1514 990 1552; x_wconf 89' lang='lat' dir='ltr'>illunc</span> <span class='ocrx_word' id='word_1_158' title='bbox 1020 1515 1072 1552; x_wconf 88' lang='lat' dir='ltr'>ad</span> <span class='ocrx_word' id='word_1_159' title='bbox 1103 1528 1167 1552; x_wconf 90' lang='lat' dir='ltr'>me</span> <span class='ocrx_word' id='word_1_160' title='bbox 1196 1516 1383 1553; x_wconf 86' lang='lat' dir='ltr'>deferant.</span> <span class='ocrx_word' id='word_1_161' title='bbox 1443 1517 1507 1554; x_wconf 80' lang='lat' dir='ltr'>SE.</span> 
     </span>
     <span class='ocr_line' id='line_1_27' title="bbox 1160 1580 1511 1630; baseline 0.009 -13"><span class='ocrx_word' id='word_1_162' title='bbox 1160 1586 1259 1630; x_wconf 87' lang='lat' dir='ltr'>quot</span> <span class='ocrx_word' id='word_1_163' title='bbox 1278 1587 1369 1618; x_wconf 90' lang='lat' dir='ltr'>sunt</span> <span class='ocrx_word' id='word_1_164' title='bbox 1389 1580 1480 1620; x_wconf 83' lang='lat' dir='ltr'>satis</span> <span class='ocrx_word' id='word_1_165' title='bbox 1493 1583 1511 1620; x_wconf 71' lang='grc' dir='ltr'>Ρ</span> 
     </span>
    </p>
   </div>
   <div class='ocr_carea' id='block_1_10' title="bbox 181 1644 1423 1697">
    <p class='ocr_par' dir='ltr' id='par_1_22' title="bbox 181 1644 1423 1697">
     <span class='ocr_line' id='line_1_28' title="bbox 181 1644 1423 1697; baseline -0.001 -12"><span class='ocrx_word' id='word_1_166' title='bbox 181 1649 294 1685; x_wconf 84' lang='lat' dir='ltr'><strong>MED.</strong></span> <span class='ocrx_word' id='word_1_167' title='bbox 326 1646 493 1697; x_wconf 88' lang='lat' dir='ltr'>proinde</span> <span class='ocrx_word' id='word_1_168' title='bbox 514 1654 556 1685; x_wconf 89' lang='lat' dir='ltr'>ut</span> <span class='ocrx_word' id='word_1_169' title='bbox 576 1645 745 1685; x_wconf 85' lang='lat' dir='ltr'>insanire</span> <span class='ocrx_word' id='word_1_170' title='bbox 765 1645 895 1692; x_wconf 89' lang='lat' dir='ltr'>uideo,</span> <span class='ocrx_word' id='word_1_171' title='bbox 919 1652 1117 1696; x_wconf 82' lang='lat' dir='ltr'>quattuor,</span> <span class='ocrx_word' id='word_1_172' title='bbox 1137 1644 1263 1683; x_wconf 92' lang='lat' dir='ltr'>nihilo</span> <span class='ocrx_word' id='word_1_173' title='bbox 1283 1644 1423 1684; x_wconf 89' lang='lat' dir='ltr'>minus.</span> 
     </span>
    </p>
   </div>
   <div class='ocr_carea' id='block_1_11' title="bbox 178 1710 1509 1824">
    <p class='ocr_par' dir='ltr' id='par_1_23' title="bbox 178 1710 1509 1824">
     <span class='ocr_line' id='line_1_29' title="bbox 178 1710 1509 1758; baseline 0 -8"><span class='ocrx_word' id='word_1_174' title='bbox 178 1714 242 1751; x_wconf 84' lang='lat' dir='ltr'>SE.</span> <span class='ocrx_word' id='word_1_175' title='bbox 273 1711 351 1750; x_wconf 78' lang='lat' dir='ltr'>iam</span> <span class='ocrx_word' id='word_1_176' title='bbox 372 1712 436 1750; x_wconf 88' lang='lat' dir='ltr'>hic</span> <span class='ocrx_word' id='word_1_177' title='bbox 456 1719 579 1750; x_wconf 90' lang='lat' dir='ltr'>erunt.</span> <span class='ocrx_word' id='word_1_178' title='bbox 619 1712 786 1750; x_wconf 86' lang='lat' dir='ltr'>adserua</span> <span class='ocrx_word' id='word_1_179' title='bbox 805 1718 847 1749; x_wconf 91' lang='lat' dir='ltr'>tu</span> <span class='ocrx_word' id='word_1_180' title='bbox 868 1710 1009 1758; x_wconf 84' lang='lat' dir='ltr'>istunc,</span> <span class='ocrx_word' id='word_1_181' title='bbox 1031 1710 1197 1749; x_wconf 87' lang='lat' dir='ltr'>medice.</span> <span class='ocrx_word' id='word_1_182' title='bbox 1248 1712 1362 1751; x_wconf 86' lang='lat' dir='ltr'><strong>MED.</strong></span> <span class='ocrx_word' id='word_1_183' title='bbox 1385 1712 1509 1750; x_wconf 80' lang='lat' dir='ltr'>immo</span> 
     </span>
     <span class='ocr_line' id='line_1_30' title="bbox 1239 1775 1505 1824; baseline 0.008 -11"><span class='ocrx_word' id='word_1_184' title='bbox 1239 1775 1307 1815; x_wconf 89' lang='lat' dir='ltr'>ibo</span> <span class='ocrx_word' id='word_1_185' title='bbox 1327 1777 1505 1824; x_wconf 88' lang='lat' dir='ltr'>domum,</span> 
     </span>
    </p>
   </div>
   <div class='ocr_carea' id='block_1_12' title="bbox 176 1841 1591 2030">
    <p class='ocr_par' dir='ltr' id='par_1_24' title="bbox 176 1841 1591 2030">
     <span class='ocr_line' id='line_1_31' title="bbox 176 1841 1591 1895; baseline -0.002 -13"><span class='ocrx_word' id='word_1_186' title='bbox 176 1851 219 1883; x_wconf 90' lang='lat' dir='ltr'>ut</span> <span class='ocrx_word' id='word_1_187' title='bbox 237 1851 420 1895; x_wconf 88' lang='lat' dir='ltr'>parentur</span> <span class='ocrx_word' id='word_1_188' title='bbox 440 1843 575 1894; x_wconf 87' lang='lat' dir='ltr'>quibu&#39;</span> <span class='ocrx_word' id='word_1_189' title='bbox 594 1843 737 1894; x_wconf 86' lang='lat' dir='ltr'>paratis</span> <span class='ocrx_word' id='word_1_190' title='bbox 757 1857 858 1893; x_wconf 90' lang='lat' dir='ltr'>opus</span> <span class='ocrx_word' id='word_1_191' title='bbox 878 1849 947 1881; x_wconf 89' lang='lat' dir='ltr'>est.</span> <span class='ocrx_word' id='word_1_192' title='bbox 1006 1850 1047 1880; x_wconf 89' lang='lat' dir='ltr'>tu</span> <span class='ocrx_word' id='word_1_193' title='bbox 1068 1855 1203 1881; x_wconf 87' lang='lat' dir='ltr'>seruos</span> <span class='ocrx_word' id='word_1_194' title='bbox 1223 1841 1316 1881; x_wconf 84' lang='lat' dir='ltr'>iube</span> <span class='ocrx_word' id='word_1_195' title='bbox 1523 1854 1591 1892; x_wconf 83' lang='lat'>955</span> 
     </span>
     <span class='ocr_line' id='line_1_32' title="bbox 176 1906 1502 1958; baseline -0.002 -10"><span class='ocrx_word' id='word_1_196' title='bbox 176 1911 282 1948; x_wconf 88' lang='lat' dir='ltr'>hunc</span> <span class='ocrx_word' id='word_1_197' title='bbox 311 1910 363 1948; x_wconf 93' lang='lat' dir='ltr'>ad</span> <span class='ocrx_word' id='word_1_198' title='bbox 394 1922 458 1948; x_wconf 90' lang='lat' dir='ltr'>me</span> <span class='ocrx_word' id='word_1_199' title='bbox 488 1910 624 1948; x_wconf 87' lang='lat' dir='ltr'>ferant.</span> <span class='ocrx_word' id='word_1_200' title='bbox 695 1910 760 1947; x_wconf 84' lang='lat' dir='ltr'>SE.</span> <span class='ocrx_word' id='word_1_201' title='bbox 792 1908 869 1946; x_wconf 90' lang='lat' dir='ltr'>iam</span> <span class='ocrx_word' id='word_1_202' title='bbox 904 1921 978 1958; x_wconf 88' lang='lat' dir='ltr'>ego</span> <span class='ocrx_word' id='word_1_203' title='bbox 1011 1907 1090 1946; x_wconf 91' lang='lat' dir='ltr'>illic</span> <span class='ocrx_word' id='word_1_204' title='bbox 1124 1909 1212 1945; x_wconf 84' lang='lat' dir='ltr'>saxo</span> <span class='ocrx_word' id='word_1_205' title='bbox 1246 1906 1327 1945; x_wconf 87' lang='lat' dir='ltr'>erit.</span> <span class='ocrx_word' id='word_1_206' title='bbox 1388 1909 1502 1946; x_wconf 82' lang='lat' dir='ltr'>MED.</span> 
     </span>
     <span class='ocr_line' id='line_1_33' title="bbox 541 1970 1551 2030; baseline -0.002 -18"><span class='ocrx_word' id='word_1_207' title='bbox 541 1970 545 1974; x_wconf 59' lang='grc'><em>’</em></span> <span class='ocrx_word' id='word_1_208' title='bbox 1027 1973 1198 2011; x_wconf 86' lang='lat' dir='ltr'>abeo.—</span> <span class='ocrx_word' id='word_1_209' title='bbox 1253 1973 1318 2011; x_wconf 84' lang='lat' dir='ltr'>SE.</span> <span class='ocrx_word' id='word_1_210' title='bbox 1350 1974 1506 2011; x_wconf 84' lang='lat' dir='ltr'>uale.—</span> <span class='ocrx_word' id='word_1_211' title='bbox 1547 2014 1551 2030; x_wconf 38' lang='lat' dir='ltr'><em>e</em></span> 
     </span>
    </p>
   </div>
   <div class='ocr_carea' id='block_1_13' title="bbox 175 2075 1509 2470">
    <p class='ocr_par' dir='ltr' id='par_1_25' title="bbox 175 2075 1509 2470">
     <span class='ocr_line' id='line_1_34' title="bbox 217 2075 1507 2120; baseline -0.002 -10"><span class='ocrx_word' id='word_1_212' title='bbox 217 2081 283 2119; x_wconf 88' lang='lat'>936</span> <span class='ocrx_word' id='word_1_213' title='bbox 305 2079 355 2110; x_wconf 81' lang='lat' dir='ltr'>vel</span> <span class='ocrx_word' id='word_1_214' title='bbox 375 2079 466 2110; x_wconf 87' lang='lat' dir='ltr'>aibat</span> <span class='ocrx_word' id='word_1_215' title='bbox 589 2089 652 2120; x_wconf 88' lang='lat'>937</span> <span class='ocrx_word' id='word_1_216' title='bbox 678 2079 762 2110; x_wconf 85' lang='lat' dir='ltr'>dixti</span> <span class='ocrx_word' id='word_1_217' title='bbox 778 2077 846 2109; x_wconf 81' lang='lat' dir='ltr'>Leo</span> <span class='ocrx_word' id='word_1_218' title='bbox 861 2090 867 2109; x_wconf 94' lang='lat'><strong>:</strong></span> <span class='ocrx_word' id='word_1_219' title='bbox 892 2077 961 2108; x_wconf 84' lang='lat' dir='ltr'>dixi</span> <span class='ocrx_word' id='word_1_220' title='bbox 978 2075 1043 2107; x_wconf 82' lang='lat' dir='ltr'>cod.</span> <span class='ocrx_word' id='word_1_221' title='bbox 1116 2075 1209 2108; x_wconf 75' lang='grc' dir='ltr'>ΜΕΝ.</span> <span class='ocrx_word' id='word_1_222' title='bbox 1227 2076 1317 2116; x_wconf 80' lang='lat' dir='ltr'>Quid</span> <span class='ocrx_word' id='word_1_223' title='bbox 1334 2087 1398 2116; x_wconf 85' lang='lat' dir='ltr'>ego</span> <span class='ocrx_word' id='word_1_224' title='bbox 1415 2077 1507 2108; x_wconf 66' lang='lat' dir='ltr'>dixi?</span> 
     </span>
     <span class='ocr_line' id='line_1_35' title="bbox 176 2119 1506 2163; baseline -0.002 -9"><span class='ocrx_word' id='word_1_225' title='bbox 176 2123 232 2154; x_wconf 72' lang='lat' dir='ltr'>SE.</span> <span class='ocrx_word' id='word_1_226' title='bbox 259 2124 410 2161; x_wconf 82' lang='lat' dir='ltr'>insanus,</span> <span class='ocrx_word' id='word_1_227' title='bbox 428 2124 608 2163; x_wconf 90' lang='lat' dir='ltr'>inquam—</span> <span class='ocrx_word' id='word_1_228' title='bbox 623 2123 750 2154; x_wconf 76' lang='lat' dir='ltr'>Schoell</span> <span class='ocrx_word' id='word_1_229' title='bbox 855 2127 890 2152; x_wconf 90' lang='lat' dir='ltr'>tu</span> <span class='ocrx_word' id='word_1_230' title='bbox 908 2119 984 2152; x_wconf 87' lang='lat' dir='ltr'>istic</span> <span class='ocrx_word' id='word_1_231' title='bbox 999 2119 1073 2151; x_wconf 80' lang='lat' dir='ltr'>Ital.</span> <span class='ocrx_word' id='word_1_232' title='bbox 1093 2131 1100 2150; x_wconf 91' lang='lat'>:</span> <span class='ocrx_word' id='word_1_233' title='bbox 1125 2119 1224 2150; x_wconf 84' lang='lat' dir='ltr'>tustic</span> <span class='ocrx_word' id='word_1_234' title='bbox 1251 2120 1350 2161; x_wconf 75' lang='lat' dir='ltr'>&lt;istuc</span> <span class='ocrx_word' id='word_1_235' title='bbox 1372 2120 1418 2161; x_wconf 85' lang='grc' dir='ltr'>Β)</span> <span class='ocrx_word' id='word_1_236' title='bbox 1441 2120 1506 2153; x_wconf 88' lang='lat' dir='ltr'>cod.</span> 
     </span>
     <span class='ocr_line' id='line_1_36' title="bbox 175 2163 1506 2208; baseline 0 -12"><span class='ocrx_word' id='word_1_237' title='bbox 175 2168 250 2208; x_wconf 18' lang='lat'>938*</span> <span class='ocrx_word' id='word_1_238' title='bbox 265 2167 455 2197; x_wconf 82' lang='lat' dir='ltr'>ministatus</span> <span class='ocrx_word' id='word_1_239' title='bbox 473 2167 592 2207; x_wconf 79' lang='lat' dir='ltr'>(-isst—)</span> <span class='ocrx_word' id='word_1_240' title='bbox 609 2167 675 2198; x_wconf 85' lang='lat' dir='ltr'>cod.</span> <span class='ocrx_word' id='word_1_241' title='bbox 694 2167 787 2206; x_wconf 84' lang='lat' dir='ltr'>(corr.</span> <span class='ocrx_word' id='word_1_242' title='bbox 804 2165 869 2206; x_wconf 70' lang='lat' dir='ltr'>B2)</span> <span class='ocrx_word' id='word_1_243' title='bbox 1005 2175 1071 2204; x_wconf 90' lang='lat'>940</span> <span class='ocrx_word' id='word_1_244' title='bbox 1093 2163 1172 2194; x_wconf 89' lang='lat' dir='ltr'>uide</span> <span class='ocrx_word' id='word_1_245' title='bbox 1252 2188 1259 2196; x_wconf 87' lang='lat'>.</span> <span class='ocrx_word' id='word_1_246' title='bbox 1283 2167 1357 2204; x_wconf 80' lang='lat' dir='ltr'>(pro</span> <span class='ocrx_word' id='word_1_247' title='bbox 1377 2164 1466 2195; x_wconf 89' lang='lat' dir='ltr'>uidei</span> <span class='ocrx_word' id='word_1_248' title='bbox 1478 2164 1506 2206; x_wconf 72' lang='lat'>2)</span> 
     </span>
     <span class='ocr_line' id='line_1_37' title="bbox 177 2206 1509 2252; baseline -0.001 -12"><span class='ocrx_word' id='word_1_249' title='bbox 177 2213 270 2250; x_wconf 62' lang='lat' dir='ltr'>(corr.</span> <span class='ocrx_word' id='word_1_250' title='bbox 285 2210 345 2248; x_wconf 53' lang='grc' dir='ltr'>ΒΞ)</span> <span class='ocrx_word' id='word_1_251' title='bbox 444 2221 506 2250; x_wconf 89' lang='lat'>941</span> <span class='ocrx_word' id='word_1_252' title='bbox 536 2209 690 2252; x_wconf 86' lang='lat' dir='ltr'>[lo]iouis</span> <span class='ocrx_word' id='word_1_253' title='bbox 700 2209 776 2241; x_wconf 84' lang='lat' dir='ltr'>PCD</span> <span class='ocrx_word' id='word_1_254' title='bbox 792 2210 848 2251; x_wconf 86' lang='lat' dir='ltr'>(iv.</span> <span class='ocrx_word' id='word_1_255' title='bbox 864 2208 899 2248; x_wconf 78' lang='lat'>3)</span> <span class='ocrx_word' id='word_1_256' title='bbox 914 2221 921 2241; x_wconf 92' lang='lat'><strong>:</strong></span> <span class='ocrx_word' id='word_1_257' title='bbox 945 2207 999 2239; x_wconf 88' lang='lat' dir='ltr'>aio</span> <span class='ocrx_word' id='word_1_258' title='bbox 1017 2207 1108 2238; x_wconf 88' lang='lat' dir='ltr'>Iouis</span> <span class='ocrx_word' id='word_1_259' title='bbox 1118 2206 1247 2238; x_wconf 80' lang='lat' dir='ltr'>Pareus</span> <span class='ocrx_word' id='word_1_260' title='bbox 1262 2219 1269 2238; x_wconf 71' lang='grc' dir='ltr'>ε</span> <span class='ocrx_word' id='word_1_261' title='bbox 1304 2211 1359 2238; x_wconf 60' lang='lat' dir='ltr'>oui</span> <span class='ocrx_word' id='word_1_262' title='bbox 1368 2207 1509 2248; x_wconf 85' lang='lat' dir='ltr'>Pylades</span> 
     </span>
     <span class='ocr_line' id='line_1_38' title="bbox 175 2250 1504 2294; baseline -0.001 -10"><span class='ocrx_word' id='word_1_263' title='bbox 175 2254 247 2285; x_wconf 84' lang='lat' dir='ltr'>scio</span> <span class='ocrx_word' id='word_1_264' title='bbox 270 2253 348 2286; x_wconf 79' lang='lat' dir='ltr'>add.</span> <span class='ocrx_word' id='word_1_265' title='bbox 371 2254 512 2294; x_wconf 81' lang='lat' dir='ltr'>Pylades</span> <span class='ocrx_word' id='word_1_266' title='bbox 530 2254 625 2294; x_wconf 84' lang='lat' dir='ltr'>(fort.</span> <span class='ocrx_word' id='word_1_267' title='bbox 654 2255 688 2285; x_wconf 81' lang='lat' dir='ltr'>in</span> <span class='ocrx_word' id='word_1_268' title='bbox 707 2254 780 2292; x_wconf 86' lang='lat' dir='ltr'>fine</span> <span class='ocrx_word' id='word_1_269' title='bbox 798 2251 958 2292; x_wconf 58' lang='lat' dir='ltr'>sequentis</span> <span class='ocrx_word' id='word_1_270' title='bbox 977 2261 1088 2282; x_wconf 82' lang='lat' dir='ltr'>versus</span> <span class='ocrx_word' id='word_1_271' title='bbox 1108 2250 1264 2291; x_wconf 82' lang='lat' dir='ltr'>scriptum</span> <span class='ocrx_word' id='word_1_272' title='bbox 1286 2254 1379 2289; x_wconf 79' lang='lat' dir='ltr'>erat;</span> <span class='ocrx_word' id='word_1_273' title='bbox 1409 2252 1443 2283; x_wconf 83' lang='lat' dir='ltr'>ii.</span> <span class='ocrx_word' id='word_1_274' title='bbox 1467 2252 1504 2292; x_wconf 88' lang='lat'>5)</span> 
     </span>
     <span class='ocr_line' id='line_1_39' title="bbox 175 2293 1505 2340; baseline -0.002 -11"><span class='ocrx_word' id='word_1_275' title='bbox 175 2307 239 2340; x_wconf 86' lang='lat'>945</span> <span class='ocrx_word' id='word_1_276' title='bbox 264 2299 451 2329; x_wconf 83' lang='lat' dir='ltr'>reseondeo</span> <span class='ocrx_word' id='word_1_277' title='bbox 464 2298 530 2329; x_wconf 87' lang='lat' dir='ltr'>cod.</span> <span class='ocrx_word' id='word_1_278' title='bbox 551 2299 644 2335; x_wconf 82' lang='lat' dir='ltr'>(corr.</span> <span class='ocrx_word' id='word_1_279' title='bbox 659 2296 721 2338; x_wconf 76' lang='lat'>132)</span> <span class='ocrx_word' id='word_1_280' title='bbox 865 2297 930 2336; x_wconf 85' lang='lat'>946</span> <span class='ocrx_word' id='word_1_281' title='bbox 953 2294 1115 2326; x_wconf 87' lang='lat' dir='ltr'>maledice</span> <span class='ocrx_word' id='word_1_282' title='bbox 1132 2293 1198 2325; x_wconf 88' lang='lat' dir='ltr'>cod.</span> <span class='ocrx_word' id='word_1_283' title='bbox 1219 2295 1263 2334; x_wconf 88' lang='lat' dir='ltr'>(v.</span> <span class='ocrx_word' id='word_1_284' title='bbox 1284 2295 1320 2336; x_wconf 79' lang='lat'>8)</span> <span class='ocrx_word' id='word_1_285' title='bbox 1334 2296 1426 2336; x_wconf 86' lang='lat' dir='ltr'>(corr.</span> <span class='ocrx_word' id='word_1_286' title='bbox 1439 2294 1505 2337; x_wconf 61' lang='grc' dir='ltr'>ΒΞ)</span> 
     </span>
     <span class='ocr_line' id='line_1_40' title="bbox 175 2337 1503 2383; baseline -0.003 -11"><span class='ocrx_word' id='word_1_287' title='bbox 175 2352 238 2382; x_wconf 88' lang='lat'>947</span> <span class='ocrx_word' id='word_1_288' title='bbox 258 2352 296 2372; x_wconf 87' lang='lat' dir='ltr'>es</span> <span class='ocrx_word' id='word_1_289' title='bbox 312 2341 378 2375; x_wconf 84' lang='lat' dir='ltr'>cod.</span> <span class='ocrx_word' id='word_1_290' title='bbox 399 2344 490 2383; x_wconf 80' lang='lat' dir='ltr'>(corr.</span> <span class='ocrx_word' id='word_1_291' title='bbox 516 2341 582 2382; x_wconf 71' lang='lat'>132)</span> <span class='ocrx_word' id='word_1_292' title='bbox 694 2342 759 2381; x_wconf 87' lang='lat'>948</span> <span class='ocrx_word' id='word_1_293' title='bbox 782 2340 873 2371; x_wconf 88' lang='lat' dir='ltr'>itana</span> <span class='ocrx_word' id='word_1_294' title='bbox 889 2338 953 2372; x_wconf 85' lang='lat' dir='ltr'>cod.</span> <span class='ocrx_word' id='word_1_295' title='bbox 974 2339 1068 2378; x_wconf 78' lang='lat' dir='ltr'>(corr.</span> <span class='ocrx_word' id='word_1_296' title='bbox 1086 2337 1147 2378; x_wconf 82' lang='lat' dir='ltr'>B2)</span> <span class='ocrx_word' id='word_1_297' title='bbox 1259 2348 1327 2378; x_wconf 88' lang='lat'>950</span> <span class='ocrx_word' id='word_1_298' title='bbox 1345 2342 1422 2380; x_wconf 84' lang='lat' dir='ltr'>post</span> <span class='ocrx_word' id='word_1_299' title='bbox 1440 2348 1503 2378; x_wconf 87' lang='lat'>951</span> 
     </span>
     <span class='ocr_line' id='line_1_41' title="bbox 177 2381 1505 2426; baseline -0.002 -10"><span class='ocrx_word' id='word_1_300' title='bbox 177 2385 244 2417; x_wconf 90' lang='lat' dir='ltr'>cod.</span> <span class='ocrx_word' id='word_1_301' title='bbox 261 2385 273 2426; x_wconf 85' lang='lat'>(</span> <span class='ocrx_word' id='word_1_302' title='bbox 278 2386 371 2426; x_wconf 78' lang='lat' dir='ltr'>prius</span> <span class='ocrx_word' id='word_1_303' title='bbox 386 2396 451 2417; x_wconf 82' lang='lat' dir='ltr'>om.</span> <span class='ocrx_word' id='word_1_304' title='bbox 466 2389 600 2426; x_wconf 77' lang='lat' dir='ltr'>propter</span> <span class='ocrx_word' id='word_1_305' title='bbox 611 2384 795 2416; x_wconf 80' lang='lat' dir='ltr'>homoeotel.</span> <span class='ocrx_word' id='word_1_306' title='bbox 811 2383 866 2415; x_wconf 75' lang='lat' dir='ltr'>2ii.</span> <span class='ocrx_word' id='word_1_307' title='bbox 876 2383 912 2423; x_wconf 82' lang='lat'>6)</span> <span class='ocrx_word' id='word_1_308' title='bbox 929 2393 937 2413; x_wconf 73' lang='grc' dir='ltr'>ι</span> <span class='ocrx_word' id='word_1_309' title='bbox 960 2393 1037 2413; x_wconf 80' lang='lat' dir='ltr'>corr.</span> <span class='ocrx_word' id='word_1_310' title='bbox 1056 2381 1265 2413; x_wconf 83' lang='lat' dir='ltr'>Camerarius</span> <span class='ocrx_word' id='word_1_311' title='bbox 1351 2381 1437 2414; x_wconf 83' lang='lat' dir='ltr'>alios</span> <span class='ocrx_word' id='word_1_312' title='bbox 1452 2381 1505 2413; x_wconf 78' lang='lat' dir='ltr'>B²</span> 
     </span>
     <span class='ocr_line' id='line_1_42' title="bbox 177 2425 1382 2470; baseline -0.003 -10"><span class='ocrx_word' id='word_1_313' title='bbox 177 2438 242 2469; x_wconf 87' lang='lat'>953</span> <span class='ocrx_word' id='word_1_314' title='bbox 266 2429 384 2460; x_wconf 87' lang='lat' dir='ltr'>uideor</span> <span class='ocrx_word' id='word_1_315' title='bbox 399 2429 463 2461; x_wconf 86' lang='lat' dir='ltr'>cod.</span> <span class='ocrx_word' id='word_1_316' title='bbox 484 2430 576 2470; x_wconf 82' lang='lat' dir='ltr'>(corr.</span> <span class='ocrx_word' id='word_1_317' title='bbox 594 2429 628 2460; x_wconf 85' lang='lat' dir='ltr'>in</span> <span class='ocrx_word' id='word_1_318' title='bbox 641 2429 688 2470; x_wconf 87' lang='grc' dir='ltr'>Β)</span> <span class='ocrx_word' id='word_1_319' title='bbox 820 2436 885 2467; x_wconf 83' lang='grc'>955</span> <span class='ocrx_word' id='word_1_320' title='bbox 910 2431 964 2457; x_wconf 86' lang='lat' dir='ltr'>tus</span> <span class='ocrx_word' id='word_1_321' title='bbox 979 2425 1046 2458; x_wconf 79' lang='lat' dir='ltr'><em>cod.</em></span> <span class='ocrx_word' id='word_1_322' title='bbox 1179 2427 1247 2465; x_wconf 87' lang='lat'>956</span> <span class='ocrx_word' id='word_1_323' title='bbox 1269 2425 1319 2457; x_wconf 84' lang='lat' dir='ltr'>vel</span> <span class='ocrx_word' id='word_1_324' title='bbox 1331 2425 1382 2456; x_wconf 89' lang='lat' dir='ltr'>illi</span> 
     </span>
    </p>
   </div>
  </div>
 </body>
</html>
