1737 2765
710 144 1065 184 MENAECHMI
1474 151 1548 188 111.
1570 152 1597 188 ii

226 251 350 291 leuior
369 265 487 302 quarn
510 253 654 303 pluma,
678 265 859 302 pessume
880 261 918 291 et
939 253 1203 304 nequissume,

197 326 204 332 ·
226 315 415 366 flagitium
436 316 618 363 hominis,
641 317 810 355 subdole
830 331 875 355 ac
897 318 1046 356 minimi
1070 320 1197 368 preti?

137 397 210 433 490
226 381 322 432 quid
343 383 393 420 de
413 389 451 420 te
473 381 595 420 merui
616 395 695 432 qua
715 395 778 420 me
798 396 936 421 caussa
956 385 1166 433 perderes?

226 454 268 485 ut
288 446 517 496 surrupuisti
539 454 576 485 te
597 446 693 485 mihi
713 448 866 486 dudum
888 449 938 486 de
959 449 1066 487 soro!
1573 468 1612 500 25

226 510 350 550 fecisti
371 512 487 550 funus
510 513 599 551 med
619 512 773 562 apsenti
795 513 972 562 prandio.

225 568 446 626 quf‘ausu's
467 577 603 623 facere,
627 576 734 627 quoii
755 590 828 627 ego
847 590 973 627 aeque
994 579 1105 617 heres
1126 581 1261 618 eram?

228 641 344 679 ΜΕΝ.
375 641 624 688 adulescens,
644 654 807 691 quaeso,
826 641 922 691 quid
943 642 1013 681 tibi
1035 656 1190 681 mecum
1212 652 1269 683 est
1291 644 1343 683 rei

140 720 207 757 495
227 704 295 755 qui
316 704 411 743 mihi
433 707 534 744 male
554 705 662 744 dicas
683 705 836 745 homini
857 706 991 756 ignoto
1017 707 1021 758 Ι
1049 707 1248 747 insciens?

225 783 276 808 an
297 769 367 808 tibi
389 771 531 808 malam
553 784 634 809 rem
655 771 714 809 uis
735 784 806 822 pro
827 773 927 810 male
948 772 1062 810 dictis
1083 773 1196 812 dari?
1576 791 1616 822 30

226 836 296 873 ΡΕ.
327 843 417 885 post
436 848 522 874 eam
544 849 663 885 quam
685 835 826 886 e'depol
849 844 886 874 te
906 836 1062 875 dedisse
1083 836 1277 888 intellego.

226 901 342 939 ΜΕΝ.
374 901 581 951 responde,
605 902 848 948 adulescens,
873 914 1034 951 quaeso,
1054 902 1150 952 quid
1171 916 1317 942 nomen
1339 903 1474 942 tibist?

226 966 294 1003 ΡΕ.
327 964 445 1004 etiam
466 965 622 1004 derides
645 965 755 1016 quasi
777 978 923 1004 nomen
945 978 1025 1004 non
1046 966 1258 1016 gnoueris?

139 1041 208 1079 500
226 1031 342 1069 ΜΕΝ.
374 1043 454 1070 non
485 1031 629 1082 edepol
659 1044 733 1081 ego
763 1038 801 1070 te
828 1032 936 1081 quod
964 1030 1084 1069 sciam
1112 1044 1300 1082 umquam
1329 1039 1420 1072 ante
1450 1034 1555 1072 hunc

1449 1098 1553 1137 diem

224 1160 306 1200 uidi
328 1174 458 1212 neque
477 1161 598 1213 gnoui
614 1176 625 1209 ;
654 1175 791 1200 uerum
813 1168 930 1209 certo,
954 1160 1132 1212 quisquis
1152 1174 1204 1208 es,
1574 1179 1590 1210 3
1597 1181 1612 1210 5

229 1225 261 1264 si
281 1239 451 1277 aequom
473 1226 602 1274 facias,
625 1226 722 1265 mihi
742 1226 905 1281 odiosus
925 1239 975 1265 ne
995 1226 1082 1265 sies.

228 1292 296 1330 ΡΕ.
330 1293 605 1339 Menaechme,
624 1291 752 1342 uigila.
804 1292 919 1329 ΜΕΝ.
952 1290 1072 1341 uigilo
1092 1291 1222 1329 hercle
1242 1290 1427 1341 equidem
1448 1291 1555 1341 quod

1423 1355 1554 1394 sciam.

228 1423 297 1461 ΡΕ.
328 1435 410 1462 non
430 1435 494 1461 me
515 1421 691 1461 nouisti?
748 1423 863 1460 ΜΕΝ.
895 1433 976 1459 non
998 1433 1138 1470 negem
1159 1419 1190 1459 si
1211 1420 1399 1460 nouerim.

143 1499 207 1538 505
227 1489 297 1527 ΡΕ.
328 1496 439 1527 tuom
460 1487 671 1539 parasitum
692 1500 774 1526 non
794 1486 969 1525 nouisti?
1025 1488 1140 1524 MEN.
1172 1499 1252 1525 non
1272 1485 1343 1525 tibi

225 1566 365 1592 sanum
386 1561 456 1601 est,
477 1554 721 1600 adulescens,
745 1551 926 1602 sinciput,
949 1551 1142 1602 intellego.
1573 1565 1614 1597 40

226 1619 294 1657 ΡΕ.
326 1619 537 1668 responde,
556 1616 816 1669 surrupuistin
837 1615 946 1655 uxori
967 1624 1057 1655 tuae

224 1684 370 1735 pallam
389 1683 514 1723 istanc
534 1682 655 1722 hodie
681 1682 686 1735 Ι
711 1695 757 1721 ac
777 1681 922 1721 dedisti
944 1680 1110 1719 Erotio?

226 1750 343 1788 ΜΕΝ.
374 1762 504 1800 neque
524 1749 655 1788 hercle
675 1761 748 1798 ego
769 1760 931 1786 uxorem
951 1746 1081 1785 habeo
1101 1758 1230 1796 neque
1249 1759 1322 1796 ego
1344 1746 1480 1786 Erotio

140 1824 209 1863 510
225 1813 320 1854 dedi
340 1827 414 1853 nee
434 1815 578 1865 pallam
598 1812 791 1864 surrupui.
849 1813 918 1850 ΡΕ.
951 1810 1052 1850 satin
1072 1823 1189 1849 sanus
1210 1812 1283 1850 es?

225 1879 394 1934 occisast
413 1881 511 1919 haec
532 1893 601 1919 res.
662 1892 744 1918 non
764 1890 838 1928 ego
858 1884 896 1916 te
916 1876 1099 1916 indutum
1120 1877 1222 1915 foras
1572 1889 1614 1921 45

225 1945 353 1985 exeire
373 1931 453 1984 uidi
476 1946 653 1996 pallam?
712 1945 828 1982 MEN.
861 1955 934 1981 uae
954 1941 1073 1992 capiti
1094 1948 1163 1980 tuo
1183 1944 1190 1979 !

268 2060 332 2091 492
355 2060 430 2082 meo
446 2050 480 2081 P
621 2058 684 2089 493
709 2059 748 2080 ea
763 2057 851 2087 quae
867 2046 959 2078 heris
976 2046 1089 2076 heram
1106 2045 1146 2084 P,
1166 2044 1199 2075 A
1215 2056 1247 2076 n.
1264 2045 1281 2076 I.
1300 2057 1307 2075 :
1330 2055 1406 2076 corr.
1423 2043 1555 2086 Lipsius

225 2103 290 2135 495
314 2093 430 2134 ignoto
452 2093 553 2125 Jtal.:
593 2092 648 2124 hic
680 2096 759 2123 noto
784 2090 822 2127 P,
851 2090 884 2120 A
914 2100 946 2122 n.
973 2089 1015 2120 l.:
1051 2089 1103 2120 hie
1139 2089 1258 2128 ignoto
1283 2088 1338 2128 8²,
1370 2089 1454 2129 fort.
1482 2092 1556 2119 recte

225 2147 289 2179 497
314 2137 408 2180 post]
429 2137 483 2178 pol
499 2136 532 2168 A
622 2145 723 2176 quam
749 2133 948 2166 Goldbacher
968 2132 1086 2172 (W'en.
1105 2131 1203 2163 stud.
1224 2142 1273 2172 19,
1297 2132 1373 2172 117)
1391 2144 1398 2163 :
1419 2132 1553 2171 quidem

226 2181 261 2213 P
282 2181 361 2222 (seq.
390 2181 485 2222 ede—)
514 2179 564 2221 (A
593 2190 624 2211 n.
652 2180 689 2218 l.)
801 2179 866 2218 498
890 2176 947 2208 tibi
969 2180 1124 2207 nomenst
1147 2175 1179 2206 P
1200 2176 1252 2216 (cs.
1280 2176 1328 2206 ad
1350 2175 1445 2207 Merc.
1473 2175 1554 2215 330)

226 2234 334 2265 soa—7
346 2225 550 2265 paumkmma
565 2223 600 2254 in
624 2222 775 2255 extremis
796 2221 938 2253 versibus
959 2219 1116 2260 leguntur
1135 2219 1167 2249 A
1323 2229 1388 2258 502
1411 2228 1553 2258 aequom

227 2269 256 2300 si
278 2267 501 2306 Camerarius,
519 2268 573 2299 cui
591 2267 702 2298 hiatus
722 2266 749 2296 si
771 2266 775 2305 Ι
795 2273 937 2304 aequom
954 2263 1094 2303 displicet
1266 2272 1329 2302 503
1348 2267 1423 2303 post
1438 2272 1501 2302 504
1524 2260 1558 2291 P

225 2313 292 2352 506
314 2310 394 2355 (ut)
411 2311 573 2351 intellego
591 2309 812 2346 Camerarius,
841 2318 924 2339 nam
948 2307 1096 2346 sinciput
1118 2309 1303 2346 suspectum
1426 2306 1554 2344 508-10

227 2355 312 2387 mssn'l
323 2358 457 2397 apparet
470 2354 503 2386 A
609 2354 675 2394 508
695 2354 752 2385 vix
767 2353 870 2384 hodie
937 2349 1085 2381 detulisti
1110 2349 1250 2380 Mueller
1355 2358 1418 2388 510
1441 2350 1550 2380 taliam

225 2399 292 2431 cod.
311 2399 403 2441 (corr.
417 2397 481 2440 ΒΞ)
528 2398 619 2430 satin
637 2407 740 2430 sanus
757 2406 794 2428 es
808 2394 1020 2427 Menaechmo
1034 2393 1200 2425 continuat
1217 2391 1361 2423 Thomas
1447 2401 1483 2431 5¹
1494 2401 1550 2431 1—7

222 2448 328 2484 pauca
344 2443 496 2484 leguntur
509 2442 541 2472 A
