1737 2765
709 163 1062 202 MENAMTHMI
1472 170 1539 206 lv.
1561 170 1587 206 ii

221 272 304 310 MA.
327 280 493 322 egomet.
529 273 595 308 Ph.
619 279 655 309 et
673 285 756 321 ego.
800 280 918 321 atque
936 272 1025 310 huic.
1043 274 1191 312 amicae
1208 276 1377 314 detulisti
1397 279 1540 316 Erotio.
1561 294 1603 325 90

220 337 335 375 ΜΕΝ.
376 349 476 386 egon
511 334 634 374 dedi?
692 337 776 374 MA.
821 345 872 383 tu,
915 339 954 375 tu
1001 336 1096 384 istic,
1136 338 1305 389 inquam.
1369 343 1432 379 Pa.
1477 343 1541 380 uin

1187 404 1324 442 adferri
1347 414 1542 451 noctuam,

217 479 319 516 quae
343 468 405 504 ‘tu
426 466 490 503 tu'
511 479 635 515 usquc
656 464 760 503 dicat
783 465 882 504 tibi?
912 480 1001 504 nam
1024 481 1096 506 nos
1118 467 1191 506 iam
1214 469 1354 507 defessi
1376 484 1521 509 sumus

129 531 195 575 655
220 531 335 568 ΜΕΝ.
375 543 444 580 per
475 531 613 568 Iouem
647 530 823 580 deosque
858 531 986 569 omnis
1017 532 1164 579 adiuro,
1196 546 1290 571 uxor
1321 535 1438 583 (satin
1470 537 1544 574 hoc

1339 608 1395 637 cst
1418 599 1485 638 tibi
1500 603 1544 651 ?),

216 673 297 699 non
318 659 486 699 dedisse.
538 661 605 697 PE.
639 659 762 698 immo
783 661 912 698 hercle
934 674 1037 707 uerO,
1058 675 1129 700 nos
1151 675 1228 700 non
1248 664 1385 702 salsum
1403 664 1541 703 dicere.

218 726 335 764 ΜΕΝ.
367 725 437 764 sed
457 737 530 775 ego
551 724 657 762 illam
679 738 760 763 non
781 725 1017 773 condonaui‚
1037 714 1106 765 sed
1127 715 1189 765 sici
1203 714 1390 766 utendam
1410 714 1515 769 dedi.
1564 747 1603 777 95

218 772 302 829 MR.
333 789 520 841 equidem
550 798 703 829 ecastor
731 798 838 829 tuam
869 805 941 829 nec
971 792 1218 841 chlamydem
1253 794 1306 831 do
1340 795 1440 833 foras
1472 809 1544 834 nec

1384 860 1543 909 pallium

215 920 432 971 quoiquam
466 921 671 959 utendum.
731 919 933 959 mulierem
967 934 1136 971 aequom
1172 930 1229 960 est
1265 923 1544 963 uestimentum

1356 989 1546 1028 muliebre

126 1057 197 1092 660
215 1052 308 1091 dare
328 1052 442 1098 foras,
465 1050 593 1090 uirum
614 1050 735 1102 uirile.
794 1050 890 1101 quin
911 1052 1028 1090 refers
1050 1053 1191 1101 pallam
1213 1054 1408 1091 domum?

217 1117 333 1155 ΜΕΝ.
365 1105 445 1166 ego*
458 1105 547 1155 faxo
567 1116 762 1155 referetur.
827 1118 910 1154 MA.
934 1130 981 1155 ex
1001 1130 1040 1155 re
1061 1125 1137 1163 tua,
1156 1125 1197 1155 ut
1218 1117 1366 1168 opinor,
1387 1119 1546 1166 seceris3

216 1194 307 1220 nam
328 1182 494 1220 domum
515 1194 734 1232 numquam
755 1181 934 1220 introibis
956 1181 1029 1220 nisi
1051 1183 1147 1220 feres
1169 1184 1309 1232 pallam
1332 1182 1458 1221 simul.
1568 1198 1627 1219 100

215 1260 264 1286 eo
296 1247 473 1287 domum.
542 1248 611 1285 PE.
657 1246 754 1297 quid
793 1246 888 1285 mihi
927 1248 1099 1285 futurum
1139 1254 1197 1285 est
1230 1247 1294 1297 qui
1335 1247 1405 1286 tibi
1444 1249 1545 1286 hanc

1243 1325 1402 1361 operam
1424 1312 1545 1351 dedi?

216 1378 300 1416 MA.
323 1390 444 1428 opera
455 1378 651 1424 reddetur,
667 1377 830 1426 quando
844 1376 939 1426 quid
954 1375 1024 1415 tibi
1037 1376 1107 1415 erit
1121 1384 1343 1426 surruptum
1357 1378 1546 1416 domo.—

125 1449 193 1495 665
214 1444 284 1482 PE.
315 1442 357 1482 id
383 1441 546 1493 quidem
573 1442 716 1492 edepol
746 1454 965 1491 numquam
995 1441 1076 1488 erit,
1106 1454 1197 1479 nam
1225 1441 1320 1479 nihil
1351 1449 1408 1480 est
1438 1443 1545 1491 quod

1237 1507 1398 1556 perdam
1424 1505 1542 1545 dorni.

213 1587 305 1612 cum
325 1573 410 1612 uiro
431 1586 522 1611 cum
543 1585 673 1619 uxore,
696 1571 736 1610 di
757 1584 829 1610 uos
850 1571 1016 1621 perdant
1036 1574 1042 1609 ἔ
1098 1571 1318 1621 properabo
1337 1571 1388 1609 ad
1405 1572 1543 1618 forum,

213 1652 306 1678 nam
326 1652 374 1678 ex
393 1639 467 1677 hac
487 1637 634 1676 familia
654 1650 718 1675 me
738 1638 855 1688 plane
876 1636 1066 1676 excidisse
1087 1636 1339 1686 intellego.—
1568 1647 1626 1680 105

214 1705 331 1743 ΜΕΝ.
363 1704 465 1742 male
482 1702 535 1741 mi
550 1716 647 1742 uxor
663 1715 748 1741 sese
763 1701 902 1741 fecisse
918 1709 1063 1749 censet,
1078 1715 1199 1752 quom
1216 1701 1377 1740 exclusit
1394 1702 1493 1740 foras
1510 1716 1518 1748 3

213 1767 325 1820 quasi
345 1781 426 1808 non
447 1768 616 1807 habeam
637 1781 717 1818 quo
738 1767 974 1807 intromittar
992 1766 1112 1806 alium
1135 1766 1334 1806 meliorem
1355 1768 1498 1806 locum.

124 1837 196 1880 670
213 1833 245 1873 si
265 1833 337 1874 tibi
356 1833 558 1884 displiceo,
581 1833 817 1885 patiundum
834 1848 841 1872 t
871 1841 910 1872 at
930 1834 1115 1884 placuero
1134 1832 1226 1871 huic
1248 1832 1394 1880 Erotio,

211 1912 314 1950 quae
334 1912 398 1938 me
417 1912 499 1938 non
519 1900 702 1938 excludet
721 1899 773 1938 ab
793 1912 844 1947 se,
868 1900 939 1938 sed
957 1899 1064 1949 apud
1085 1911 1126 1937 se
1146 1899 1329 1937 occludet
1349 1898 1469 1936 domi.

212 1978 318 2004 nunc
338 1964 417 2012 ibo,
439 1965 562 2004 orabo
582 1971 625 2003 ut
645 1964 741 2003 mihi
762 1966 907 2015 pallam
927 1965 1067 2003 reddat
1087 1977 1205 2014 quarn
1227 1964 1378 2002 dudum
1399 1962 1491 2002 dedi
1508 1977 1517 2009 ;
1567 1975 1625 1997 110

210 2028 327 2068 aliam
348 2028 402 2068 illi
422 2029 613 2068 redimam
635 2029 849 2068 meliorem.
908 2030 1027 2068 heus!
1059 2027 1193 2079 ecquis
1214 2027 1278 2066 hic
1298 2035 1356 2066 est
1376 2026 1544 2065 ianitor?

210 2094 358 2146 aperite
378 2101 497 2145 atque
518 2094 699 2133 Erotium
719 2094 860 2144 aliquis
881 2101 1045 2133 euocate
1064 2101 1156 2132 ante
1177 2093 1332 2131 ostium.

256 2199 366 2238 653-4
382 2198 440 2228 uin
456 2222 464 2230 .
478 2223 486 2230 .
500 2223 507 2230 .
527 2208 643 2229 sumus
661 2202 834 2229 matronae
848 2198 1041 2228 continuant
1055 2198 1116 2228 alii
1200 2198 1262 2237 654
1288 2207 1350 2227 nos
1367 2197 1430 2227 iam
1448 2196 1519 2226 Ital.
1534 2207 1539 2226 :

215 2252 278 2274 nos
294 2242 359 2274 iam
372 2239 468 2284 [nos]
478 2241 544 2273 cod.
613 2242 677 2281 656
691 2242 742 2273 vel
756 2241 934 2272 dedisse—
947 2242 1109 2281 (sermone
1122 2241 1312 2281 interrupto)
1376 2239 1450 2280 Pa]
1469 2238 1537 2270 ΜΛ.

214 2286 274 2317 alii
381 2286 442 2316 661
467 2285 518 2316 vel
529 2285 634 2326 opino
742 2286 807 2324 663
831 2295 872 2316 eo
884 2284 1038 2324 Bentley:
1063 2294 1127 2323 ego
1147 2283 1214 2315 cod.
1316 2284 1380 2322 664
1403 2292 1539 2323 operam

214 2328 281 2361 cod.
298 2329 355 2360 vix
370 2332 444 2360 recte
460 2328 553 2370 (corr.
573 2327 639 2369 3²)
816 2329 881 2360 666
904 2338 970 2368 qua
989 2328 1096 2359 virum
1119 2337 1185 2367 qua
1206 2336 1346 2357 uxorem
1368 2326 1540 2357 Fleckeisen

213 2374 279 2413 670
302 2373 558 2414 patiundumst;
593 2372 638 2413 pl.
671 2373 800 2404 Rilschl
831 2372 882 2413 (cf
920 2371 1124 2402 Herkenrath
1162 2370 1199 2401 de
1229 2369 1368 2410 gerund.
1409 2381 1439 2409 p.
1484 2372 1537 2406 11)

212 2417 275 2457 671
302 2416 449 2448 occludit
465 2415 534 2447 cod.
559 2417 637 2456 (pro
654 2422 702 2447 -et
715 2416 742 2456 3)
876 2416 940 2454 673
966 2415 1049 2445 heus
1066 2414 1141 2446 Ital.
1157 2425 1162 2443 :
1197 2413 1268 2443 eius
1285 2412 1360 2446 cod..
1373 2414 1449 2453 <pro
1465 2421 1536 2443 cus-

213 2461 232 2492 i.
241 2471 265 2493 e.
284 2461 386 2501 heus)
517 2461 579 2498 674
605 2460 707 2500 aliqui
726 2460 758 2490 Β

259 2526 378 2548 ΡιΑντ.
399 2527 408 2547 1
1414 2512 1454 2543 27
