1737 2765
702 141 1056 178 MENAEUIMI
1471 144 1537 181 lv.
1563 144 1591 181 ii

217 253 331 290 ΜΕΝ.
369 265 436 302 per
471 253 609 290 Iouem
639 252 817 301 deosque
849 251 979 290 omnis
1017 251 1165 299 adiuro,
1197 266 1291 291 uxor
1321 254 1435 303 (satin
1467 256 1541 293 hoc

1336 327 1393 357 cst
1415 319 1511 357 tibi?
1532 350 1540 366 ,

216 395 279 420 me
306 380 367 419 isti
399 394 478 419 non
507 388 675 419 nutasse.
752 383 819 418 ΓΕ.
853 381 976 420 credit
1004 380 1079 420 iam
1103 381 1172 420 tibi
1203 384 1253 421 de
1283 382 1412 421 ‘isti':
1453 322 1542 422 illu)c

1448 447 1539 486 redi.

215 513 330 550 ΜΕΝ.
371 509 452 561 quo
490 524 564 559 ego
602 511 790 549 redeam?
875 513 943 550 ΡΕ.
979 511 1164 561 equidem
1199 512 1249 551 :id
1287 511 1541 562 phrygionem
1561 527 1602 559 55

1015 590 1183 624 censeo3
1212 585 1251 615 et
1271 578 1412 627 pallam
1435 579 1540 615 refer.

216 643 331 680 ΜΕΝ.
362 640 464 692 quae
491 640 611 680 istaec
638 642 741 691 palla
760 643 848 679 est?
916 643 985 680 ΡΕ.
1017 649 1129 680 taceo
1150 641 1238 688 iam,
1260 643 1420 692 quando
1448 643 1543 680 haec

1018 721 1098 746 rem
1121 720 1201 745 non
1223 705 1399 746 meminit
1419 720 1541 745 suam.

127 772 197 807 620
217 773 333 811 ΜΕΝ.
364 771 551 822 numquis
571 785 774 810 seruorum
795 771 991 821 deliquit?
1020 785 1115 810 num
1135 771 1300 810 ancillae
1326 779 1393 810 aut
1419 771 1543 810 seruei

1472 836 1542 875 tibi

214 904 478 954 responsant?
507 904 703 953 eloquere.
763 901 913 953 inpune
941 916 1022 941 non
1044 902 1124 941 erit.
1185 904 1269 941 MA.
1302 916 1422 953 nugas
1448 902 1541 953 agis.

215 969 331 1006 ΜΕΝ.
367 967 485 1007 tristis
515 969 734 1007 admodum
765 975 834 1006 est.
894 980 976 1005 non
1005 966 1102 1004 mihi
1130 966 1229 1005 istuc
1260 966 1342 1005 sati'
1363 968 1544 1016 placet——

1194 1033 1277 1069 MA.
1309 1044 1430 1081 nugas
1449 1030 1540 1080 agis.

216 1100 331 1137 ΜΕΝ.
361 1105 468 1137 certe
488 1097 736 1136 familiarium
756 1096 904 1147 aliquoi
924 1097 1020 1135 irata
1039 1110 1091 1135 es.
1151 1097 1235 1133 MA.
1258 1109 1380 1145 nugas
1399 1095 1489 1146 agis.
1564 1098 1608 1130 60

218 1166 332 1202 MEN.
365 1177 461 1202 num
483 1162 578 1202 mihi
600 1176 642 1202 es
662 1162 759 1201 irata
778 1164 948 1202 saltem?
1004 1163 1089 1200 MA.
1121 1174 1227 1199 nunc
1254 1167 1295 1199 tu
1316 1173 1396 1199 non
1423 1173 1545 1210 nugas

1451 1225 1543 1276 agis.

128 1298 195 1342 625
219 1296 334 1333 MEN.
357 1308 439 1334 non
459 1295 603 1344 edepol
623 1292 773 1344 deliqui
793 1292 1018 1344 quicquam.
1079 1294 1162 1330 ΜΛ.
1194 1306 1257 1331 em
1287 1304 1418 1330 rusum
1440 1304 1545 1330 nunc

1142 1400 1145 1402 ,
1310 1369 1432 1406 nugas
1451 1356 1543 1406 agis.

217 1426 332 1463 ΜΕΝ.
369 1424 445 1472 dic,
482 1437 571 1463 mea
609 1437 716 1471 uxor,
752 1422 849 1474 quid
887 1422 958 1461 tibi
996 1436 1110 1473 aegre
1148 1423 1235 1461 est?
1315 1423 1384 1460 PE.
1421 1421 1545 1460 bellus

1246 1486 1443 1532 blanditur
1463 1485 1543 1526 tibi.

218 1558 334 1595 ΜΕΝ.
376 1554 487 1606 potin
521 1562 564 1594 ut
598 1554 694 1594 mihi
728 1555 918 1594 molestus
952 1567 1002 1593 ne
1035 1553 1117 1593 sis?
1163 1566 1259 1591 num
1293 1560 1331 1591 te
1363 1553 1548 1603 appello?

1130 1619 1214 1656 MA.
1246 1618 1353 1655 aufer
1373 1630 1544 1655 manum.

217 1688 287 1725 PE.
319 1686 375 1725 sic
389 1687 519 1727 udatur.
578 1692 788 1736 properato
807 1691 970 1735 apsente
991 1697 1054 1722 me
1075 1696 1252 1722 comesse
1272 1682 1491 1732 prandium,
1566 1687 1608 1728 65

217 1759 307 1803 post
325 1758 418 1790 ante
437 1750 546 1789 aedis
567 1764 658 1789 cum
679 1738 825 1789 corona
845 1763 909 1788 me
929 1748 1109 1788 derideto
1129 1747 1269 1786 ebrius.

129 1823 200 1867 630
219 1819 337 1856 ΜΕΝ.
375 1830 507 1867 neque
545 1817 689 1866 edepol
722 1828 796 1865 ego
829 1813 969 1866 prandi
1007 1826 1137 1864 neque
1175 1811 1294 1851 hodie
1333 1813 1409 1851 huc
1447 1811 1548 1851 intro

1262 1877 1371 1929 tetuli
1392 1878 1545 1928 pedem.

218 1950 286 1987 PE.
319 1955 390 1987 tun
417 1949 565 1998 negas?
636 1949 750 1986 ΜΕΝ.
784 1959 886 1997 nego
913 1946 1043 1985 hercle
1071 1958 1174 1984 uero.
1249 1936 1318 1982 ΡΕ.
1349 1942 1446 1981 nihil
1472 1943 1548 1981 hoc

1002 1998 1005 2001 Ι
1168 2008 1328 2048 homine
1348 2006 1545 2047 audacius.

217 2093 298 2119 non
318 2092 392 2130 ego
412 2086 450 2117 te
471 2079 593 2118 modo
613 2078 678 2117 hic
696 2085 788 2116 ante
808 2077 917 2116 aedis
938 2089 1028 2115 cum
1049 2088 1196 2114 corona
1215 2075 1334 2113 florea

216 2144 300 2184 uidi
319 2146 473 2183 astare?
501 2157 624 2195 quom
644 2143 816 2194 negabas
837 2141 933 2180 mihi
954 2154 1038 2180 esse
1059 2153 1198 2179 sanum
1219 2138 1388 2189 sinciput
1566 2149 1606 2183 7⁰

261 2252 323 2290 617
349 2249 404 2281 isti
420 2248 495 2281 Ital.
515 2261 522 2280 z
546 2249 599 2280 isii
616 2248 683 2280 cod.
775 2248 853 2278 ‘isti
870 2247 878 2264 '
905 2245 1065 2287 (adverb.)
1084 2244 1204 2276 Prudel
1225 2243 1263 2274 de
1277 2247 1387 2284 praep.
1411 2253 1441 2282 p.
1460 2250 1520 2280 527
1539 2252 1545 2271 :

219 2294 294 2325 istis
311 2293 375 2325 cod.
395 2305 403 2325 z
427 2294 492 2324 isto
507 2293 611 2324 Bothe
725 2293 788 2322 618
813 2301 875 2330 ego
893 2291 1029 2321 redeam
1046 2289 1095 2320 13²
1112 2300 1118 2318 :
1144 2289 1323 2328 egredeam
1341 2286 1406 2317 cod.
1496 2284 1544 2324 et]

220 2338 230 2369 i
249 2338 311 2378 (ei)
331 2336 490 2368 Gruterus
507 2336 558 2376 (af
571 2335 709 2377 Sjo‘gren
730 2335 840 2366 ‘Part
861 2332 987 2374 Copul.'
1001 2343 1032 2373 p.
1049 2332 1106 2371 85)
1240 2332 1303 2368 619
1327 2328 1461 2360 memini
1479 2327 1543 2358 cod.

219 2382 313 2422 (corr.
332 2380 397 2420 3²)
495 2381 560 2410 620
583 2379 671 2410 serui
699 2379 880 2410 Gruterus:
903 2381 1018 2408 seruet
1042 2375 1107 2406 cod.
1199 2374 1262 2403 622
1286 2383 1322 2403 es
1338 2372 1386 2403 3²
1483 2371 1546 2408 625

220 2435 334 2457 rurum
352 2423 416 2456 cod.
551 2425 616 2463 632
641 2424 722 2453 flora
737 2421 804 2454 cod.
824 2422 917 2462 (corr.
936 2420 1000 2460 3²)
