1737 2765
35 160 81 197 V.

102 159 116 196 i
516 161 560 197 T.
597 161 775 199 MACCI
811 161 1012 198 PLAVTI

101 270 234 308 omnia
257 273 357 309 mala
378 271 577 321 ingerebat
598 284 838 321 quemquem
859 278 1072 321 aspexerat.

100 334 232 385 itaque
251 337 353 375 adeo
375 335 455 375 iure
476 344 617 386 coepta
635 335 822 386 appellari
845 343 903 375 est
924 337 1066 376 Canes.

103 402 185 438 MA.
219 414 298 440 non
320 415 392 450 ego
414 401 532 439 istaec
554 400 698 451 flagitia
718 414 880 450 possum
902 400 1062 452 perpeti.

43 478 82 499 20
102 479 191 504 nam
215 468 304 505 med
324 475 491 505 aetatem
513 466 674 504 uiduam
702 465 706 518 ἱ
733 480 817 506 6556
839 467 1022 506 mauelim

100 543 218 580 quam
241 531 359 569 istaec
381 531 524 581 flagitia
544 540 610 569 tua
631 531 710 581 pati
731 545 832 581 quae
854 540 893 570 tu
916 532 1019 570 facis.

100 595 215 633 ΜΕΝ.
247 595 343 645 quid
364 595 404 634 id
424 597 474 635 ad
497 610 571 643 me,
595 604 635 634 tu
657 604 695 635 te
716 603 880 646 nuptam
902 596 1028 647 possis
1049 597 1198 648 perpeti

96 673 147 698 an
168 660 219 698 sis
239 660 391 699 abitura
410 675 433 699 a
453 668 521 699 tuo
543 661 657 699 uiro?
685 674 736 699 an
758 674 842 700 mos
864 661 928 700 hic
949 661 1001 700 ita
1021 670 1079 700 est

96 724 301 775 peregrino
323 732 363 764 ut
382 725 611 765 aduenienti
637 733 792 765 narrent
813 726 963 765 fabulas
980 728 997 765 ?

39 804 76 837 25
99 792 181 829 ΜΛ.
214 805 311 841 quas
333 792 515 829 fabulas?
570 805 663 839 non,
686 791 860 842 inquam,
882 792 1006 842 patiar
1026 793 1264 843 praeterhac,

96 855 191 905 quin
213 855 333 894 uidua
353 855 485 894 uiuam
507 870 625 906 quarn
647 864 734 894 tuos
756 857 884 895 mores
908 859 1109 907 perferam.

96 920 212 958 ΜΕΝ.
245 934 332 959 mea
352 920 513 971 quidem
536 922 666 960 hercle
688 935 825 959 caussa
846 921 967 960 uidua
986 921 1112 960 uiuito

94 986 157 1023 uel
178 999 302 1035 usque
323 987 419 1024 dum
440 1000 603 1036 regnum
625 985 821 1036 optinebit
843 986 1029 1037 Iuppiter.

94 1051 178 1088 MA.
210 1058 249 1089 at
270 1050 365 1088 mihi
385 1051 556 1101 negabas
578 1052 731 1090 dudum
752 1051 995 1102 surrupuisse
1016 1058 1066 1098 te,

33 1130 75 1161 30
93 1129 199 1154 nunc
219 1117 388 1155 eandem
407 1123 498 1155 ante
519 1117 655 1155 oculos
675 1115 829 1155 adtines
846 1132 853 1155 :
884 1130 964 1154 non
986 1124 1023 1155 te
1043 1118 1196 1166 pudet?

32 1451 71 1485 35

93 1181 208 1218 ΜΕΝ.
241 1194 290 1219 eu
310 1181 440 1219 hercle
458 1184 464 1219 1
494 1180 642 1228 mulier,
666 1183 835 1219 multum
855 1189 893 1220 et
914 1182 1041 1220 audax
1062 1189 1099 1220 et
1121 1182 1264 1220 mala’s.

90 1252 161 1284 tun
181 1245 253 1284 tibi
274 1247 376 1284 hanc
397 1254 617 1298 surruptam
638 1246 769 1285 dicere
788 1248 911 1285 audes
933 1260 1051 1296 quarn
1073 1246 1170 1285 mihi

90 1311 201 1350 dedit
221 1311 297 1351 alia
317 1311 456 1350 mulier
476 1319 518 1350 ut
539 1312 859 1351 concinnandam
880 1313 1015 1351 darem
1032 1314 1048 1350 ?

92 1378 175 1414 MA.
208 1389 258 1415 ne
278 1376 379 1415 istuc
400 1377 727 1416 mecastor—iam
748 1384 898 1427 patrem
919 1390 1117 1415 accersam
1139 1390 1271 1415 meum

88 1449 208 1492 atque
229 1441 264 1480 ei
285 1443 451 1480 narrabo
472 1450 538 1480 tua
558 1441 702 1492 flagitia
723 1455 824 1492 quae
844 1442 949 1480 facis.

87 1507 110 1555 i,
136 1507 273 1554 Decio,
297 1520 440 1557 quaere
461 1520 592 1546 meum
614 1514 777 1557 patrem,
799 1514 931 1546 tecum
953 1507 1069 1546 simul

87 1579 129 1611 ut
149 1571 282 1611 ueniat
301 1573 353 1611 ad
374 1586 437 1610 me
456 1587 463 1610 z
493 1573 546 1610 ita
565 1586 647 1611 rem
673 1571 679 1624 Ι
704 1585 790 1611 6556
810 1572 943 1611 dicito.

87 1637 164 1676 iam
186 1650 259 1687 ego
279 1637 451 1687 aperiam
471 1637 592 1676 istaec
612 1646 679 1676 tua
699 1636 853 1688 flagitia.
916 1639 1031 1676 MEN.
1064 1651 1188 1677 sanan
1209 1640 1280 1676 es?

88 1716 189 1753 quae
210 1716 298 1741 mea
317 1702 493 1752 flagitia?
551 1704 633 1740 MA.
666 1704 811 1753 pallam
837 1701 841 1755 Ι
867 1710 987 1754 atque
1007 1716 1146 1742 aurum
1167 1717 1300 1743 meum

88 1768 210 1807 domo
231 1767 403 1818 suppilas
424 1775 514 1806 tuae
534 1767 643 1806 uxori
670 1766 674 1820 Ι
701 1775 739 1807 et
759 1776 850 1807 tuae

86 1833 238 1883 degeris
258 1833 417 1871 amicae.
477 1833 577 1871 satin
597 1835 695 1873 haec
716 1842 821 1873 recte
841 1835 1024 1873 fabulor?

87 1899 202 1936 MEN.
234 1911 382 1948 quaeso
404 1900 545 1946 hercle,
568 1899 717 1946 mulier,
742 1899 773 1938 si
795 1899 882 1947 scis,
907 1907 1082 1939 monstra
1101 1900 1211 1951 quod
1232 1898 1366 1938 bibam

86 1971 193 2002 tuam
214 1963 280 2013 qui
302 1964 449 2014 possirn
470 1965 621 2015 perpeti
642 1965 913 2016 petulantiam.

129 2068 192 2106 718
215 2068 390 2106 appellare
407 2067 471 2106 cod.
493 2068 586 2109 (corr.
603 2068 669 2110 13²)
691 2068 769 2109 (pro
784 2069 849 2099 -rei
860 2070 887 2108 2)
1023 2079 1087 2109 719
1109 2068 1211 2111 (tua)
1227 2069 1278 2101 ssa.
1295 2068 1421 2100 Ritsclzl

84 2111 136 2141 cui
156 2121 220 2150 ego
240 2111 244 2153 Ι
266 2111 371 2143 istaec
388 2112 529 2152 dzlsplicet
546 2113 643 2152 (fort.
665 2117 749 2149 recte,
769 2123 850 2143 nam
867 2122 904 2143 ea
926 2122 990 2143 vox
1003 2113 1163 2152 frequens
1185 2113 1218 2143 in
1243 2124 1296 2144 ore
1317 2113 1419 2145 huius

85 2157 268 2192 matronae)
360 2165 423 2195 720
447 2157 524 2186 med
541 2167 560 2187 a
578 2162 611 2187 te
629 2155 673 2186 Β2
741 2154 892 2198 (usque)
910 2166 986 2187 esse
998 2156 1137 2188 Redslob
1195 2184 1211 2185 a
1247 2167 1290 2196 23
1312 2157 1416 2187 adtuo

84 2197 150 2229 cod.
173 2200 265 2240 (corr.
282 2197 347 2239 32)
483 2210 593 2230 annos
613 2200 659 2231 ita
682 2204 734 2231 est
758 2200 822 2230 hoc
845 2199 911 2231 cod.
931 2200 988 2239 (an
1014 2210 1087 2231 mos
1106 2203 1135 2230 et
1158 2200 1212 2230 hic
1229 2200 1262 2231 Β
1283 2204 1314 2233 ‘z
1339 2200 1411 2232 trai.

84 2242 187 2273 Bothe
312 2253 375 2282 729
408 2242 509 2274 Hanc
534 2243 616 2274 mihi
647 2243 749 2274 Bothe
895 2253 959 2283 730
992 2245 1110 2275 eadem
1142 2243 1206 2274 cod.
1351 2253 1414 2283 735

83 2296 112 2318 a.
132 2287 298 2317 enarrabo
315 2286 389 2316 pet>
485 2288 547 2326 736
570 2288 677 2318 deceo
694 2286 760 2318 cod.
810 2286 857 2326 Cfi
878 2286 920 2319 K.
940 2287 1094 2318 Schmidt
1111 2287 1242 2327 (Herm.
1262 2296 1313 2327 37,
1331 2288 1414 2327 388)

83 2340 189 2369 quare
206 2330 271 2362 cod.
288 2330 381 2370 (corr.
400 2330 465 2369 3²)
559 2340 619 2370 737
644 2331 693 2362 vel
707 2331 784 2362 med
865 2341 935 2361 rem
953 2329 1110 2374 (natam)
1126 2341 1155 2362 e.
1169 2331 1296 2361 Ritschl
1310 2341 1318 2361 ε
1331 2331 1411 2371 sort.

84 2383 154 2405 rem
171 2378 282 2404 natam
304 2374 383 2414 (om.
397 2384 474 2405 esse
491 2385 499 2413 3
524 2385 553 2405 v.
572 2375 605 2414 1)
718 2384 780 2414 739
803 2374 910 2414 pallas
927 2374 1049 2405 Vahlen
1064 2374 1115 2415 (Cf-
1135 2375 1200 2413 803
1218 2374 1340 2414 pallam
1350 2379 1415 2415 pro

83 2417 206 2457 pallas)
320 2428 383 2457 740
407 2418 519 2448 uxoris
539 2419 580 2459 (Ζ)
600 2417 675 2458 Leo,
694 2418 752 2449 sed
764 2418 835 2450 vide
851 2429 889 2448 ne
904 2428 1017 2449 versus
1031 2418 1157 2449 hiantes
1172 2429 1248 2449 cum
1263 2417 1414 2460 singulti-

82 2461 163 2491 entis
178 2462 331 2492 locutione
345 2464 529 2501 congruant

1448 479 1519 516 720

1447 806 1512 843 725

1444 1129 1514 1165 730

1441 1453 1507 1490 735

1438 1779 1509 1815 740
