1737 2765
41 190 88 227 V.
109 190 154 227 ix
526 192 571 229 T.
606 191 786 232 MACCI
819 192 1022 230 PLAVTI

111 301 215 339 Mas.
248 299 325 340 illic
346 301 467 340 homo
487 308 554 340 aut
575 303 819 353 sycophanta
837 308 904 340 aut
924 301 1104 352 geminus
1126 309 1184 340 est
1204 302 1319 340 frater
1339 308 1440 340 tuos.

110 378 200 403 nam
249 378 322 415 ego
370 365 573 405 hominem
613 366 785 406 hominis
833 366 1060 406 similiorem
1101 380 1318 417 numquam
1359 366 1440 405 uidi

1261 434 1440 471 alterum.

49 507 89 539 30
109 509 238 546 neque
268 509 371 547 aqua
399 510 526 547 aquae
556 511 628 536 nec
656 499 756 536 lacte
787 505 845 537 est
877 497 998 545 lactis,
1030 499 1146 537 crede
1177 497 1241 545 mi,
1273 510 1439 547 usquam

1275 561 1440 600 similius

107 639 226 677 quam
244 626 307 665 hic
322 626 377 665 tui
393 634 462 674 est,
481 635 603 678 tuque
624 627 754 666 huiius
774 635 907 667 autem
924 643 933 677 3
962 636 1075 679 poste
1089 630 1256 667 eandem
1274 627 1438 678 patriam
1464 636 1555 672 1090

1222 707 1268 732 ac
1289 702 1438 744 patrem

107 765 309 796 memorat.
370 757 526 797 meliust
547 771 620 796 nos
640 758 748 797 adire
769 758 888 808 atque
909 760 1015 797 hunc
1037 757 1310 809 percontarier.

108 821 242 860 ΜΕΝ.2
277 824 407 861 hercle
429 822 496 873 qui
518 830 559 861 tu
581 836 644 862 me
659 823 907 862 admonuisti
928 831 1033 870 recte
1054 831 1092 862 et
1113 824 1243 862 habeo
1263 822 1437 873 gratiam.

106 901 223 938 perge
244 902 403 939 operam
425 890 530 936 dare,
553 902 718 940 opsecro
739 890 869 928 hercle
884 905 894 938 3
924 889 1022 928 liber
1043 897 1138 936 esto,
1162 888 1194 927 si
1214 888 1368 927 inuenis

45 962 85 994 35
107 954 213 992 hunc
243 967 377 992 meum
407 955 563 993 fratrem
593 967 689 993 esse.
770 955 875 993 MEs.
914 967 1038 1004 spero.
1119 953 1253 992 ΜΕΝ.2
1290 961 1329 992 et
1367 967 1440 1004 ego

1081 1019 1188 1058 idern
1209 1032 1323 1070 spero
1344 1020 1436 1058 fore.

108 1086 213 1123 MES.
246 1084 342 1134 quid
362 1084 418 1123 ais
440 1087 512 1123 tu?
543 1086 866 1133 Menaechmum,
886 1085 1037 1136 opinor,
1061 1092 1100 1123 te
1120 1084 1252 1124 uocari
1274 1084 1436 1124 dixeras.
1464 1096 1550 1133 1095

109 1150 242 1188 ΜΕΝ.1
273 1148 327 1188 ita
347 1162 452 1188 uero.
515 1151 620 1188 MEs.
655 1150 747 1189 huic
768 1150 863 1189 item
893 1151 1162 1189 Menaechmo
1190 1163 1338 1189 nomen
1368 1157 1437 1188 est.

1248 1214 1288 1253 in
1309 1214 1442 1254 Sicilia

107 1288 144 1319 te
165 1280 364 1330 Syracusis
385 1288 522 1320 natum
544 1294 629 1320 esse
649 1280 779 1320 dixisti
799 1296 805 1319 :
836 1279 901 1319 hic
921 1287 1052 1319 natust
1073 1280 1138 1319 ibi.

108 1347 322 1384 Moschum
344 1345 415 1385 tibi
435 1353 587 1397 patrem
607 1345 727 1385 fuisse
748 1345 845 1384 dixti
864 1362 871 1385 :
902 1347 995 1385 huic
1016 1345 1153 1385 itidem
1174 1345 1256 1385 fuit.

44 1424 86 1455 40
106 1425 212 1450 nunc
232 1424 393 1462 operam
413 1411 577 1462 potestis
598 1412 718 1451 ambo
740 1410 837 1450 mihi
857 1413 950 1450 dare
971 1419 1009 1450 et
1029 1411 1144 1450 uobis
1165 1411 1293 1450 simul.

107 1477 238 1515 ΜΕΝ.1
260 1475 509 1527 promeruisti
525 1484 567 1516 ut
587 1491 638 1516 ne
654 1476 751 1527 quid
766 1490 853 1516 ores
870 1478 980 1527 quod
995 1477 1093 1515 uelis
1110 1476 1206 1527 quin
1222 1476 1418 1528 impetres.
1462 1489 1553 1515 1100

106 1549 186 1580 tam
207 1541 319 1592 quasi
340 1555 404 1581 me
424 1542 564 1581 emeris
584 1550 760 1593 argento,
782 1542 880 1580 liber
901 1541 1058 1580 seruibo
1079 1541 1161 1580 tibi.

106 1608 212 1645 MES.
243 1619 333 1657 spes
354 1606 452 1645 mihi
472 1614 530 1645 est
551 1620 623 1645 uos
644 1606 900 1645 inuenturum
922 1607 1056 1644 fratres
1077 1620 1284 1656 germanos
1305 1607 1407 1647 duos

105 1671 294 1722 geminos,
318 1685 397 1711 una
418 1680 541 1710 matre
565 1679 678 1711 natos
700 1678 738 1710 et
758 1678 867 1722 patre
888 1685 969 1710 uno
990 1685 1071 1710 uno
1092 1671 1167 1711 die.

45 1746 85 1778 45
108 1737 239 1777 MEN.¹
281 1737 378 1776 mira
416 1751 622 1777 memoras.
696 1737 848 1776 utinam
883 1738 1048 1777 ecficere
1081 1739 1191 1788 quod
1229 1738 1438 1788 pollicitu's

1274 1804 1435 1854 possies.

107 1869 211 1908 MEs.
235 1883 408 1920 possum.
451 1870 522 1909 sed
538 1882 645 1908 nunc
661 1868 764 1920 agite
781 1876 946 1919 uterque
959 1868 1000 1909 id
1015 1869 1124 1919 quod
1140 1869 1288 1919 rogabo
1304 1868 1435 1908 dicite.
1461 1876 1548 1914 1105

107 1936 238 1974 MEN.¹
267 1934 336 1974 ubi
371 1935 492 1984 lubet,
526 1948 643 1985 roga:
687 1934 950 1985 respondebo.
1022 1934 1077 1972 nil
1115 1933 1289 1973 reticebo
1327 1935 1437 1984 quod

1301 2013 1434 2038 sciam.

107 2067 211 2105 MES.
244 2073 302 2105 est
334 2065 405 2104 tibi
437 2079 586 2105 nornen
623 2066 921 2104 Menaechmo?
970 2064 1100 2104 ΜΕΝ.1
1133 2067 1266 2105 fateor.
1328 2067 1434 2103 MES.

1099 2139 1156 2170 est
1177 2130 1312 2170 itidem
1336 2130 1438 2170 tibi?

1188 2177 1278 2207 Ὗ

152 2237 232 2276 1087
256 2235 353 2279 (est)
377 2246 427 2275 sy.
453 2235 598 2267 Rz'lschl:
635 2236 691 2266 vix
712 2234 856 2278 (homo)
880 2246 930 2276 sy.
1102 2236 1184 2266 1088
1209 2236 1336 2266 homini
1361 2235 1434 2266 sim.

105 2280 170 2312 cod.
189 2281 242 2322 (cjf.
255 2280 302 2311 ad
311 2280 402 2320 Capi.
417 2280 493 2319 582}
599 2277 748 2321 (ullum)
762 2281 905 2310 alterum
915 2279 1042 2320 Lange,
1056 2279 1227 2309 cm'ltt'atns
1239 2279 1413 2309 hominem
1431 2278 1436 2321 Ι

105 2324 252 2355 hominis
264 2323 405 2363 displicet
487 2325 570 2361 1089
587 2322 701 2363 lactis]
721 2323 797 2353 lacti
811 2323 875 2353 cod.
894 2323 948 2363 (cs.
964 2323 1010 2352 ad
1027 2323 1125 2359 1088)
1220 2333 1305 2361 1090
1319 2326 1438 2362 postea

104 2367 183 2399 cod.:
200 2373 279 2407 post
292 2367 396 2397 Botlu
488 2376 569 2406 1092
593 2367 649 2405 qui
663 2366 737 2407 χΒῑ)
753 2367 891 2406 velquin
908 2365 997 2405 (ΡΟ)
1013 2366 1059 2396 B'·
1055 2367 1076 2405 )
1091 2365 1156 2398 cod
1249 2376 1331 2405 1094
1356 2366 1436 2396 item

104 2411 241 2450 Seyffert
353 2419 435 2448 1095
460 2409 511 2440 vel
531 2410 636 2449 opino
743 2419 824 2448 1097
848 2409 904 2439 vix
925 2408 1007 2438 dixti
1027 2412 1078 2450 (cs.
1097 2409 1194 2441 Merc.
1211 2410 1292 2450 658)
1360 2409 1438 2452 (et)

104 2455 159 2484 hic
176 2454 312 2493 Seyffert
387 2458 485 2484 natus
502 2458 555 2483 est
573 2452 638 2484 cod.
757 2453 840 2492 1098
863 2452 913 2483 vel
926 2452 1003 2482 huic
1115 2463 1197 2484 1102
1221 2453 1435 2485 inuenturum

105 2497 316 2529 Lambinus:
342 2497 538 2528 inuenturos
554 2496 622 2527 cod.
