1737 2765
25 143 72 180 V.
93 142 123 180 ii
273 148 281 154 '
507 143 553 180 T.
589 144 768 181 MACCI
805 144 1006 181 PLAVTI

95 267 146 292 ne
166 253 229 292 hic
251 261 288 292 te
313 256 517 305 optundat.
580 257 664 293 ΜΛ.
697 256 813 306 fugio.
855 257 1011 305 amabo,
1030 257 1196 296 ddserua
1212 257 1351 304 istunc,
1371 257 1425 295 mi

1304 330 1425 373 pater,

17 395 76 419 100
95 397 145 422 ne
174 397 255 434 quo
284 384 376 422 hinc
405 385 530 423 abeat.
590 399 731 424 sumne
760 399 834 436 ego
858 387 998 426 mulier
1025 387 1165 426 misera
1191 401 1293 438 quae
1314 388 1428 426 illaec

1224 452 1344 492 audio
1356 453 1428 491 ?—

98 518 213 554 ΜΕΝ.
246 518 337 563 hau
359 518 460 554 male
496 516 611 554 illanc
644 516 801 565 amoui3
834 516 1078 571 (amoueam)
1107 532 1212 557 nunc
1237 521 1343 556 hunc
1374 516 1429 555 in-

1149 582 1426 632 purissumum‚

98 646 317 693 barbatum,
341 647 550 684 tremulum
572 645 771 692 Titanum,
794 646 862 696 qui
884 648 988 685 cluet
1009 647 1149 697 Cygno
1169 656 1288 697 patre.

96 710 150 749 ita
185 710 279 749 mihi
311 710 478 761 imperas
506 718 547 748 ut
579 723 652 760 ego
687 710 803 749 huius
833 712 1011 750 membra
1042 719 1162 762 atque
1193 726 1281 751 ossa
1309 721 1429 762 atque
1448 713 1515 758 355

1318 784 1430 815 artua

97 841 366 879 comminuam
402 840 468 879 illo
507 840 684 891 scipione
715 854 835 890 quem
871 841 954 891 ipse
985 841 1116 880 habet.
1176 843 1239 880 SE.
1272 842 1431 880 dabitur

1268 908 1427 955 malum,

17 982 77 1015 105
97 985 160 1010 me
181 971 343 1022 quidem
364 970 395 1009 si
415 970 586 1021 attigeris
605 978 673 1009 aut
693 970 725 1009 si
746 971 908 1021 propius
928 973 979 1009 ad
1001 985 1064 1010 me
1084 971 1304 1010 accesseris.

99 1037 214 1074 MEN.
246 1036 387 1074 faciam
409 1037 518 1086 quod
539 1035 651 1074 iubes
673 1050 684 1084 ς
712 1035 881 1075 securim
902 1036 1055 1086 capiam
1076 1036 1290 1087 ancipitem
1310 1044 1430 1087 atque

1168 1103 1275 1141 hunc
1294 1116 1430 1141 senem

97 1182 186 1208 osse
207 1168 274 1206 fini
295 1168 496 1207 dedolabo
518 1167 720 1206 assulatim
742 1166 903 1206 uiscera.

97 1236 161 1273 SE.
193 1234 299 1273 enim
328 1247 424 1272 uero
453 1233 550 1272 illud
579 1234 937 1283 praecauendumst
970 1239 1090 1283 atque
1120 1234 1431 1272 adcurandumst
1449 1235 1520 1270 860

1308 1297 1404 1336 mihi
1421 1312 1433 1345 3

97 1379 192 1404 sane
212 1378 285 1415 ego
306 1364 416 1403 illum
437 1371 583 1411 metuo,
608 1371 650 1402 ut
671 1363 853 1411 minatur,
877 1377 928 1402 ne
947 1363 1045 1413 quid
1067 1365 1168 1402 male
1188 1363 1282 1402 faxit
1303 1362 1410 1401 mihi.

18 1446 79 1468 110
100 1433 215 1470 ΜΕΝ.
248 1432 371 1469 multa
390 1430 444 1468 mi
464 1430 644 1480 imperas,
667 1431 814 1479 Apollo
834 1445 841 1468 :
872 1443 978 1468 nunc
999 1443 1123 1480 equos
1144 1429 1299 1468 iunctos
1318 1428 1432 1467 iubes

99 1510 239 1546 capere
260 1509 323 1534 me
343 1495 571 1543 indomitos,
593 1494 744 1541 ferocis,
768 1503 888 1544 atque
910 1494 950 1532 in
970 1508 1128 1532 currum
1149 1494 1394 1539 inscendere,

100 1570 143 1600 ut
163 1575 236 1611 ego
256 1563 363 1599 hunc
384 1568 580 1610 proteram
602 1562 758 1598 leonem
778 1561 968 1606 uetulum,
985 1561 1171 1606 olentem,
1187 1560 1430 1597 edentulum.

100 1626 178 1665 iarn
209 1625 313 1665 astiti
342 1625 383 1664 in
412 1639 579 1673 currum,
618 1625 696 1663 iam
730 1627 812 1664 lora
843 1633 973 1672 teneo,
1009 1623 1088 1663 iam
1125 1623 1328 1662 stimulum
1346 1639 1353 1663 :
1392 1623 1432 1662 in
1452 1629 1518 1673 865

1263 1698 1430 1728 manust.

99 1758 202 1808 agite
221 1757 324 1808 equi,
346 1757 505 1796 facitote
525 1757 677 1796 sonitus
697 1759 931 1807 ungularum
951 1763 1165 1806 appareat-31

22 1839 80 1871 115
101 1837 216 1862 cursu
237 1822 353 1862 celeri
373 1822 488 1861 facite
509 1822 651 1861 inflexa
671 1822 720 1861 sit
740 1824 889 1873 pedum
909 1821 1129 1872 pernicitas.

102 1889 166 1927 SE.
198 1887 323 1926 mihin
361 1887 474 1938 equis
512 1887 656 1926 iunctis
696 1887 877 1926 minare?
974 1888 1089 1925 MEN.
1136 1885 1241 1934 e'cce,
1274 1886 1432 1937 Apollo,

1300 1952 1434 1990 denuo

102 2033 165 2058 me
186 2019 298 2058 iubes
319 2020 447 2058 facere
467 2018 661 2070 impetum
682 2018 721 2057 in
743 2032 834 2058 eum
856 2017 924 2068 qui
945 2024 1020 2056 stat
1046 2024 1166 2067 atque
1186 2016 1378 2055 occidere.

145 2124 209 2163 852
234 2133 363 2155 summe
380 2123 445 2156 cod.
468 2124 560 2162 (corr.
578 2122 643 2163 32)
734 2123 843 2153 audeo
861 2121 926 2152 cod.
948 2123 1042 2159 (corr.
1055 2120 1118 2161 ΒΞ)
1171 2123 1237 2161 853
1260 2129 1436 2151 amoueam

100 2171 178 2203 add.
193 2170 333 2201 Persson
389 2169 453 2209 854
478 2169 662 2199 Tithonum
678 2168 747 2199 edd.
794 2166 851 2205 qui
872 2166 961 2196 lucet
980 2168 1052 2205 (pro
1069 2164 1171 2204 cluet)
1283 2174 1302 2194 o
1318 2163 1435 2194 Prisci-

102 2221 190 2241 anus
205 2222 234 2250 1,
251 2212 315 2241 216
329 2222 335 2240 z
362 2221 468 2249 cyeno
487 2215 687 2250 prognatum
704 2209 772 2240 cod.
859 2209 990 2239 Cucino
1004 2208 1130 2238 Ritsclzl
1238 2208 1280 2246 85
1326 2207 1435 2238 securi

103 2254 166 2286 cod.
260 2255 310 2285 vel
324 2265 441 2285 senem
459 2272 502 2277 —
521 2256 682 2294 (sermone
698 2253 889 2293 interrupto)
1010 2253 1072 2282 861
1091 2251 1141 2282 vel
1155 2252 1254 2281 illunc
1371 2251 1436 2290 864

102 2297 254 2329 uetulum
276 2297 491 2328 Gulielmius:
518 2297 644 2327 etulum
670 2296 734 2326 cod.
837 2297 1035 2326 edentulum
1057 2296 1160 2326 Pius:
1196 2294 1354 2325 edentius
1370 2294 1434 2325 cod.

103 2342 128 2384 (i
140 2347 202 2382 pro
217 2344 242 2381 l,
259 2342 280 2373 i.
295 2353 319 2372 e.
338 2343 371 2372 ul
389 2353 397 2380 3
419 2342 474 2372 vii.
493 2350 522 2379 5,
542 2351 573 2380 p.
588 2342 646 2381 97)
776 2340 840 2379 865
864 2340 1019 2370 stimulus
1038 2340 1102 2369 iam
1120 2339 1248 2369 Ritsclzl
1371 2339 1436 2368 866

101 2390 263 2426 appareat
279 2385 405 2416 Ritschl
415 2396 422 2416 t
446 2388 614 2424 apparent
623 2382 690 2415 cod.
790 2384 854 2423 867
879 2384 1016 2414 facitote
1027 2382 1099 2412 ΡΟ)
1169 2383 1292 2413 inflexa
1302 2380 1435 2411 Dousaz

102 2431 230 2461 inflexu
246 2429 311 2461 cod.
331 2429 368 2468 (u
381 2434 444 2470 pro
459 2439 499 2467 a;
523 2429 568 2458 vi.
589 2428 619 2467 Ι)
726 2428 794 2458 sint
809 2426 875 2459 cod.
897 2427 988 2467 (corr.
1010 2425 1072 2466 ΒΤ)
1208 2426 1272 2456 868
1297 2435 1435 2456 manare

101 2474 166 2506 cod.
190 2476 282 2516 (corr.
300 2472 367 2514 ΒΕ)
