1737 2765
714 125 1066 164 MENAliflmu
1503 134 1544 170 V.
1572 134 1598 169 ii

230 234 314 272 ΜΛ.
345 241 465 283 atque
495 232 547 271 ibi
578 241 696 284 potat.
757 236 821 271 SE.
855 243 919 272 tua
949 235 1109 284 quidem
1143 237 1205 275 illc
1233 251 1368 276 caussa
1403 241 1550 288 potabit

1414 305 1552 350 minus,

229 363 262 403 si
282 363 360 403 illic
380 364 464 403 siue
482 363 576 402 alibi
593 363 777 402 lubebit?
806 364 907 414 quae
922 366 1031 412 haec,
1056 368 1213 412 malum,
1238 367 1533 417 inpudentiam?

230 442 310 479 una
328 441 447 480 opera
467 427 676 479 prohibere
696 430 747 467 ad
767 442 906 467 cenam
930 443 978 468 ne
1000 430 1200 480 promittat
1222 433 1394 481 postult->-

142 502 209 539 795
230 506 308 532 neu
327 488 567 543 quemquam
588 492 755 542 accipiat
775 492 947 531 alienum
969 495 1074 544 apud
1095 508 1146 533 se.
1206 494 1365 534 seruirin
1388 496 1454 533 tibi
1574 512 1615 544 45

229 558 404 608 postulas
424 557 558 596 uiros?
586 558 680 596 dare
700 571 779 596 una
799 558 917 608 opera
941 573 1107 609 pensum
1128 561 1314 610 postult-S,

230 621 330 661 inter
347 621 509 660 ancillas
529 622 666 661 sedere
688 621 834 668 iubeas,
861 624 990 662 lanam
1013 637 1153 662 carere.

233 687 318 724 MA.
349 699 430 724 non
457 686 643 736 equidem
674 686 769 724 mihi
801 694 838 726 te
869 689 1119 735 aduocatum,
1150 696 1268 738 pater,
1299 690 1457 737 adduxi,
1489 692 1556 729 sed

1462 754 1554 791 uiro.

233 817 327 856 hinc
345 826 435 865 stas,
458 817 554 856 illim
574 832 754 857 caussam
774 818 884 858 dicis.
944 820 1007 858 SE.
1040 818 1071 857 si
1092 818 1155 857 ille
1175 818 1270 868 quid
1291 818 1508 868 deliquerit,

144 884 217 918 800
235 884 360 922 multo
379 891 488 922 tanta
508 883 618 922 illum
637 884 836 922 accusabo
857 897 976 934 quam
998 892 1036 922 te
1056 884 1236 922 accusaui
1258 883 1434 933 amplius.
1579 897 1623 927 50

232 950 395 999 quando
414 957 453 989 te
472 957 649 989 auratam
668 958 708 989 et
727 950 910 989 uestitam
930 951 1034 989 bene
1055 949 1184 996 habet,
1206 948 1377 995 ancillas,
1400 962 1544 998 penum

232 1021 337 1052 recte
356 1015 570 1065 praehibet,
594 1016 735 1055 melius
755 1029 891 1054 sanam
913 1023 982 1062 est,
1006 1014 1155 1061 mulier,
1174 1022 1346 1052 mentem
1367 1027 1529 1052 sumere.

234 1080 319 1117 ΜΑ.
349 1087 390 1118 at
408 1079 474 1119 ille
493 1081 664 1132 suppilat
685 1080 782 1120 mihi
800 1094 941 1119 aurum
961 1088 1000 1118 et
1020 1081 1141 1130 pallas
1163 1092 1209 1118 ex
1229 1078 1326 1117 arcis
1346 1080 1478 1124 domo,

233 1157 298 1182 me
317 1145 527 1196 despoliat,
546 1159 635 1185 mea
654 1153 888 1185 ornamenta
907 1147 1009 1184 clam
1029 1145 1080 1183 ad
1100 1143 1322 1182 meretrices
1342 1143 1498 1192 degerit.

147 1214 214 1258 805
235 1210 299 1248 SE.
331 1211 434 1249 male
453 1211 556 1258 facit,
579 1210 611 1250 si
631 1211 732 1250 istuc
752 1210 843 1250 facit
862 1225 872 1258 ;
900 1210 932 1248 si
952 1223 1034 1248 non
1055 1209 1155 1256 facit,
1179 1217 1219 1246 tu
1241 1210 1341 1247 male
1361 1208 1455 1246 facis
1583 1221 1621 1253 55

234 1287 337 1325 quae
374 1275 573 1315 insontem
613 1276 827 1315 insimules.
901 1277 985 1313 ΜΑ.
1031 1274 1125 1324 quin
1159 1273 1275 1312 etiam
1307 1287 1412 1311 nunc
1444 1273 1560 1312 habet

1264 1339 1418 1388 pallam,
1441 1346 1560 1388 pater,

235 1404 313 1459 (et)
343 1406 502 1457 spinter,
535 1407 645 1457 quod
675 1407 727 1446 ad
758 1407 861 1445 hanc
895 1406 1099 1452 detulerat,
1134 1417 1248 1449 nunc,
1283 1403 1374 1453 quia
1412 1402 1561 1449 resciui,

1438 1469 1561 1506 refert.

238 1538 301 1575 SE.
335 1537 412 1581 iam
432 1550 507 1588 ego
526 1551 573 1576 ex
593 1538 681 1585 hoc,
705 1544 747 1575 ut
767 1537 963 1584 factumst,
986 1535 1106 1574 scibo.
1170 1532 1273 1586 (ibo)
1291 1534 1341 1571 ad
1362 1532 1562 1571 hominem

1187 1607 1305 1649 atque
1326 1596 1561 1650 (ad>loquar.

237 1668 303 1706 dic
323 1668 420 1706 mihi
440 1668 552 1716 istuc,
576 1668 853 1714 Menaechme,
876 1667 985 1716 quod
1005 1679 1078 1704 uos
1098 1664 1323 1710 dissertatis,
1341 1670 1382 1701 ut
1403 1662 1535 1700 sciam.

150 1739 221 1773 810
238 1734 336 1784 quid
356 1742 399 1772 tu
418 1733 536 1772 tristis
557 1734 629 1772 es?
661 1732 758 1783 quid
779 1731 844 1769 illa
862 1740 995 1770 autem
1016 1732 1111 1769 irata
1130 1743 1200 1780 aps
1220 1736 1258 1767 tc
1278 1727 1457 1767 destitit?
1582 1729 1623 1760 60

241 1801 357 1838 ΜΕΝ.
387 1799 567 1850 quisquis
587 1812 640 1847 ες,
655 1798 851 1850 quidquid
872 1797 943 1836 tibi
964 1810 1111 1835 nomen
1131 1803 1200 1842 est,
1219 1808 1346 1840 senex,
1365 1804 1562 1831 summum

1426 1859 1563 1896 Iouem

283 1979 348 2010 793
370 1970 399 2001 si
414 1969 539 2001 Bothe:
563 1969 637 2001 siue
652 1968 717 2001 cod.
739 1969 777 2010 (i.
794 1968 832 2008 9)
923 1967 973 1998 vel
989 1966 1036 1998 illi
1172 1975 1232 2005 795
1257 1974 1294 1994 se
1316 1961 1487 1994 Acidalms
1501 1972 1507 1990 :
1523 1965 1565 2009 ἰς

238 2013 305 2046 cod.
412 2023 474 2053 797
499 2023 618 2044 carere
637 2012 743 2044 Varro
761 2012 799 2043 de
814 2012 854 2043 L.
871 2010 912 2043 L.
935 2021 963 2050 7,
983 2021 1047 2050 54:
1072 2018 1210 2049 carpere
1227 2007 1292 2038 cod.
1400 2005 1461 2044 798
1486 2004 1564 2034 mihi

239 2063 274 2090 te
290 2057 336 2088 Β2
351 2069 360 2089 :
382 2056 485 2088 mittit
501 2056 565 2089 cod.
729 2057 794 2087 800
817 2061 911 2087 tanto
928 2054 1002 2086 Ital.
1022 2053 1095 2095 (sed
1107 2053 1144 2092 cs.
1165 2052 1249 2083 adv.
1267 2050 1347 2090 680)
1502 2048 1561 2077 801

239 2101 380 2134 ancillas
395 2111 522 2142 penum
536 2100 614 2133 Ital.
633 2112 641 2132 ε
663 2099 874 2140 anpillaspen
893 2098 960 2130 cod.
1071 2098 1134 2128 802
1158 2105 1308 2127 samnam
1324 2092 1391 2124 cod.
1433 2136 1437 2140 .
1500 2091 1564 2139 {303

240 2145 363 2186 pallam
379 2144 428 2176 B2
515 2145 618 2176 domo
636 2143 832 2174 Gulielmius
847 2155 854 2174 :
875 2143 976 2173 modo
992 2140 1058 2172 cod.
1188 2140 1253 2176 804
1271 2139 1356 2169 clam
1373 2134 1542 2165 Aadalms
1559 2145 1565 2163 z

239 2190 323 2221 tiam
347 2193 385 2220 ut
398 2189 462 2221 vid.
481 2189 547 2220 cod.
659 2189 740 2219 tiam
757 2187 844 2232 [me]
861 2187 903 2218 ad
921 2197 982 2216 me.
1006 2184 1078 2214 PCD
1259 2183 1320 2231 897
1346 2184 1379 2210 et
1395 2177 1470 2209 add.
1491 2176 1563 2207 Ital.

239 2233 305 2264 808
327 2233 402 2264 sibo
425 2233 491 2265 cod.
511 2235 605 2274 (corr.
630 2232 693 2271 B2)
713 2236 760 2271 (v.
780 2231 820 2271 9}
933 2230 988 2260 ibo
1012 2227 1086 2258 add.
1113 2226 1324 2257 Cameranus
1422 2222 1563 2260 adquem

241 2278 360 2317 (atque
375 2276 441 2320 3²)
454 2278 574 2317 loquar
584 2276 650 2308 cod.
669 2288 676 2308 :
700 2286 778 2307 corr.
797 2274 984 2305 saracenus
1071 2271 1137 2310 809
1151 2270 1231 2309 quid
1245 2268 1400 2316 Boxltorn
1499 2264 1565 2311 ,8¹⁰

240 2320 332 2352 illam
351 2320 384 2352 B
480 2321 598 2352 iratam
616 2319 682 2351 cod.
785 2318 913 2349 destitit
936 2315 1074 2347 Dousa:
1106 2313 1250 2345 destitus
1273 2315 1309 2342 ut
1325 2309 1387 2341 md.
1407 2308 1471 2339 cod.
1492 2307 1562 2347 rde-

240 2365 353 2396 stituis
368 2365 410 2405 B,
431 2364 610 2396 dedistitus
625 2362 715 2405 PCD)
