1737 2765
738 151 1091 190 MENAECHMI
1520 155 1571 192 11.
1593 154 1638 192 iii

252 259 360 298 ducit
382 260 556 298 lembum
578 259 794 299 dierectum
817 262 927 300 nauis
949 263 1201 312 praedatoria.

253 326 322 364 sed
344 338 418 375 ego
438 324 600 364 inscitus
620 325 687 375 qui
707 326 873 364 domino
895 340 957 365 me
979 329 1172 377 postulem
1195 329 1451 368 moderarier:

252 390 360 428 dicto
382 403 445 428 me
465 389 559 428 emit
579 389 819 437 audientem,
843 392 948 430 haud
970 391 1242 442 imperatorem
1264 393 1347 432 sibi.

164 467 233 506 445
253 454 473 505 sequimini,
498 463 550 502 ut,
573 456 682 506 quod
710 455 943 507 imperatum
970 465 1038 504 est,
1063 458 1218 496 ueniam
1245 459 1456 497 aduorsum
1485 467 1576 498 tem-

1431 537 1577 573 peri.—

731 710 966 759 ACTVS
1018 711 1095 758 III

758 825 1077 862 PENICVLVS
1601 824 1713 862 III.i

253 909 323 947 PE.
355 909 448 948 Plus
468 907 625 960 triginta
651 909 656 961 Ι
680 909 794 948 annis
815 917 929 948 natus
950 923 1048 958 sum,
1071 923 1192 960 quom
1220 910 1224 961 Ι
1249 910 1395 950 interea
1414 911 1490 950 loci

252 985 471 1023 numquam
491 973 706 1024 quicquam
726 973 877 1012 facinus
898 974 971 1012 feci
992 974 1102 1025 peius
1122 987 1257 1024 neque
1271 975 1472 1014 scelestius

251 1037 371 1088 quam
406 1038 537 1085 hodie,
573 1051 695 1088 quom
731 1036 805 1092 [in]
841 1038 1067 1078 contionem
1107 1038 1278 1078 mediam
1313 1052 1376 1078 me
1409 1038 1578 1079 immersi

1452 1104 1578 1144 miser.

251 1168 320 1208 ubi
339 1181 413 1220 ego
432 1170 529 1208 dum
549 1168 669 1223 hieto,
692 1171 980 1209 Menaechmus
1000 1183 1042 1209 se
1061 1169 1305 1220 supterduxit
1325 1169 1420 1208 mihi

163 1245 235 1281 450
251 1241 371 1284 atque
390 1233 474 1272 abit
494 1235 545 1273 ad
564 1233 745 1282 amicam,
767 1236 897 1282 credo,
920 1248 1050 1285 neque
1070 1249 1134 1274 me
1154 1235 1279 1273 uoluit
1298 1235 1453 1274 ducere.
1600 1247 1617 1278 5

252 1298 443 1351 quiillum
456 1299 498 1338 di
510 1288 648 1338 omnes
662 1300 845 1350 perduint
858 1300 1109 1352 Qprimus
1123 1299 1235 1353 (hoc)
1249 1307 1496 1339 commentus
1509 1307 1580 1348 est,

251 1363 481 1404 contionem
501 1365 657 1412 habere,
678 1364 950 1417 Qhomines
970 1373 1183 1416 occupatos
1203 1368 1393 1416 occupat!

252 1442 334 1468 non
353 1430 405 1468 ad
425 1442 512 1468 eam
534 1443 614 1469 rem
643 1429 647 1481 1
673 1429 822 1469 otiosos
842 1430 1025 1470 homines
1045 1430 1179 1470 decuit
1198 1429 1326 1481 deligi,

251 1493 321 1545 qui
339 1493 416 1534 nisi
434 1494 567 1534 adsint
585 1507 707 1546 quom
728 1495 906 1543 citentur,
929 1509 1070 1535 census
1090 1495 1218 1546 capiat
1237 1495 1357 1534 ilico?

165 1568 233 1607 455
363 1574 382 1595 *
412 1572 532 1611 quam
552 1567 710 1599 senatus
741 1573 760 1594 *
927 1574 945 1595 *
976 1561 1202 1600 contionem
1235 1573 1253 1594 *
1601 1578 1640 1601 10

740 1641 758 1661 *
926 1641 944 1662 *

254 1690 418 1734 adfatim
439 1698 498 1740 est
518 1690 725 1736 hominum
747 1691 892 1737 indies
913 1690 980 1742 qui
1002 1691 1172 1742 singulas
1192 1703 1300 1729 escas
1321 1689 1442 1738 edint,

254 1757 390 1809 quibu'
418 1756 551 1808 negoti
577 1757 675 1796 nihil
703 1765 773 1806 est,
806 1757 875 1808 qui
903 1770 1032 1796 essum
1067 1769 1197 1807 neque
1230 1762 1422 1795 uocantur
1454 1767 1583 1805 neque

1415 1827 1559 1859 uocant
1575 1835 1582 1859 :

255 1901 324 1928 eos
344 1895 500 1940 oportet
519 1888 695 1945 court-igni
714 1890 808 1929 dare
827 1902 987 1940 operam
1007 1896 1126 1939 atque
1145 1886 1348 1926 comitieis.

167 1956 238 2000 460
255 1955 288 1993 si
307 1953 349 1993 id
368 1953 422 1993 ita
440 1962 556 2003 esset,
575 1968 656 1994 non
677 1968 750 2005 ego
770 1954 890 1994 hodie
910 1954 1167 2005 perdidissem
1189 1951 1409 2004 prandium,
1602 1961 1640 1995 15

254 2018 349 2070 quoi
369 2026 449 2058 tam
470 2021 590 2058 credo
610 2021 747 2058 datum
768 2020 940 2058 uoluisse
960 2032 1079 2069 quam
1101 2031 1165 2057 me
1185 2017 1304 2056 uideo
1324 2016 1467 2056 uiuere.

299 2133 363 2163 443
385 2123 442 2164 qui
460 2123 597 2154 domino
614 2133 667 2154 me
683 2122 806 2154 Bothe:
830 2122 910 2162 quid
929 2121 1033 2162 (quod
1051 2121 1098 2162 Β)
1115 2130 1208 2163 rome
1231 2119 1294 2151 cod.
1318 2120 1386 2161 (vii.
1403 2129 1433 2159 5,
1455 2129 1485 2160 p.
1506 2119 1583 2160 104)

256 2167 322 2206 446
344 2166 457 2198 accedit
483 2167 517 2198 A
548 2166 695 2207 (446-53
717 2166 811 2198 initia
824 2165 896 2206 fire
925 2164 1092 2206 leguntur)
1261 2165 1326 2203 446
1358 2168 1457 2194 natus
1486 2163 1583 2194 annis

259 2210 440 2242 Gruterus:
463 2211 528 2241 iam
545 2209 621 2241 add.
642 2209 782 2241 Mueller
876 2207 985 2251 (ego)
1001 2218 1075 2240 sum
1091 2206 1218 2238 Ritschl
1366 2217 1428 2246 447
1454 2205 1581 2245 neque]

257 2258 360 2294 atque
375 2253 410 2284 Β
508 2255 573 2294 448
597 2253 631 2285 ἰη
648 2263 715 2284 om.
735 2253 768 2284 A
790 2256 828 2284 ut
842 2252 906 2284 vid.
1008 2261 1068 2291 451
1094 2251 1171 2291 Que
1190 2250 1263 2291 (3¹)
1279 2249 1330 2282 vel
1343 2249 1418 2290 Quo
1436 2249 1536 2289 (PCD)
1553 2249 1587 2279 P

257 2297 332 2338 (pro
346 2296 434 2337 Quei
447 2297 473 2337 3)
534 2299 598 2328 hoc
622 2295 698 2329 add.
723 2296 844 2328 Vahlen
907 2300 1096 2327 commentu
1113 2300 1165 2327 est
1181 2294 1222 2334 P,
1241 2293 1274 2324 A
1294 2305 1326 2325 n.
1343 2293 1362 2325 l.
1382 2306 1390 2326 ε
1414 2302 1581 2324 commen-

258 2343 328 2371 tust
343 2340 451 2382 <male
489 2339 617 2372 Ritschl
738 2349 802 2379 452
824 2338 967 2380 habere]
989 2339 1071 2370 hare
1087 2338 1152 2370 cod.
1169 2338 1239 2380 (vii.
1251 2346 1282 2377 5,
1297 2347 1328 2378 p.
1341 2337 1401 2376 95)
1518 2345 1581 2374 454

256 2384 426 2416 citenetur
505 2383 580 2425 (pro
606 2383 731 2415 citetur
758 2393 837 2415 corr.
866 2384 1014 2414 citentur
1027 2384 1052 2421 ἲ)
1186 2381 1319 2421 capiant
1343 2379 1378 2410 P
1399 2379 1494 2420 (corr.
1519 2377 1580 2418 5²)

255 2429 367 2468 455-6
389 2437 454 2460 om.
483 2427 537 2459 P:
572 2427 705 2468 vestigia
725 2430 858 2458 tantum
883 2431 957 2467 app.
986 2426 1021 2457 in
1051 2425 1084 2456 A
1269 2423 1333 2464 458
1355 2423 1528 2462 quiescunt
1544 2420 1577 2451 A

256 2471 395 2513 uocant]
412 2471 547 2503 uocauit
562 2470 596 2502 P
614 2471 707 2512 (corr.
723 2470 788 2512 B2)
888 2471 953 2509 460
977 2479 1051 2500 esse
1068 2469 1100 2498 A
1217 2468 1275 2506 461
1306 2477 1347 2497 ne
1365 2465 1397 2495 Ρ
