1737 2765
776 150 1131 189 MENAECHMI
1542 159 1610 195 IV.
1632 157 1677 195 iii

288 266 329 297 tu
351 260 428 298 huc
448 266 537 310 post
557 259 663 297 hunc
678 258 784 297 diem
806 260 949 308 pedem
971 259 1072 298 intro
1090 275 1169 299 non
1191 264 1299 310 feres,
1317 278 1365 302 ne
1382 266 1517 304 frustra
1537 267 1613 314 sis3

286 325 449 374 quando
468 332 511 363 tu
531 337 595 363 me
616 324 718 362 bene
738 332 954 363 merentem
976 325 1046 363 tibi
1067 326 1190 365 habes
1209 329 1439 378 despicatui,

287 388 360 426 nisi
381 389 480 427 feres
499 396 715 439 argentum,
738 390 876 427 frustra
898 403 961 428 me
981 391 1143 430 ductare
1164 406 1243 430 non
1265 402 1389 443 potes,
1634 415 1672 437 20

196 457 265 502 695
284 453 401 491 aliam
423 453 588 503 posthac
609 452 787 492 inuenito
807 454 926 503 quam
948 455 1094 493 habeas
1115 457 1377 495 frustratui.—

288 519 402 556 ΜΕΝ.
425 517 542 555 nimis
555 517 742 556 iracunde
755 519 886 556 hercle
899 520 1074 558 tandem.
1104 521 1201 559 heus
1215 530 1268 568 tu,
1284 522 1353 560 tibi
1367 523 1469 570 dico,
1485 538 1609 573 mane,

286 583 379 622 redi.
437 583 608 622 etiamne
628 585 761 622 astas?
788 583 906 622 etiam
926 586 1050 623 audes
1070 599 1158 625 mea
1178 588 1320 626 reuorti
1341 589 1489 638 gratia?

283 648 380 687 abiit
401 648 514 695 intro,
536 648 701 687 occlusit
720 649 842 688 aedis.
901 663 1006 688 nunc
1027 664 1100 701 ego
1120 665 1207 690 sum
1229 653 1553 693 exclusissumus:

285 728 414 766 neque
431 713 540 753 domi
555 727 684 765 neque
698 715 805 765 apud
819 715 986 753 amicam
1002 716 1096 754 mihi
1112 716 1188 755 iarn
1202 718 1414 768 quicquam
1431 720 1610 759 creditur.
1635 737 1673 767 ²5

197 793 268 827 700
285 779 354 820 ibo
391 787 430 818 et
467 781 673 819 consulam
708 781 810 819 hanc
845 794 925 818 rem
959 781 1109 821 amicos
1140 783 1237 833 quid
1268 783 1492 824 faciendum
1526 799 1613 824 cen-

1437 858 1614 889 seant.—

787 980 1022 1029 ACTVS
1069 982 1116 1027 V

512 1077 912 1114 MENAECHMVS
954 1076 999 1113 II
1114 1077 1397 1115 MATRONA
1634 1079 1717 1116 V.i

287 1171 402 1208 ΜΕΝ.
435 1170 472 1208 N
477 1168 555 1208 imi'
576 1170 693 1207 stulte
713 1169 867 1207 dudum
888 1167 963 1206 feci
983 1181 1105 1218 quom
1127 1169 1396 1220 marsuppium

287 1233 532 1274 Messenioni
553 1247 644 1272 cum
664 1241 826 1284 argento
847 1233 1087 1272 concredidi.

285 1299 476 1338 immersit
494 1299 629 1349 aliquo
649 1312 746 1346 sese,
769 1299 900 1346 credo,
923 1298 964 1337 in
983 1313 1164 1350 ganeum.

287 1365 371 1403 ΜΑ.
403 1363 601 1415 prouisam
622 1377 742 1414 quam
764 1377 855 1402 mox
875 1363 934 1402 uir
954 1377 1065 1403 meus
1085 1366 1219 1404 redeat
1239 1367 1414 1406 domurn.

196 1446 263 1483 705
284 1431 356 1469 sed
375 1443 515 1469 eccum
535 1429 665 1468 uideo.
726 1430 834 1467 salua
855 1443 954 1477 sum,
978 1431 1122 1480 pallam
1143 1432 1267 1469 refert.
1633 1449 1650 1480 5

285 1495 401 1533 ΜΕΝ.
437 1494 608 1534 demiror
628 1494 696 1533 ubi
717 1507 824 1533 nunc
843 1495 1021 1533 ambulet
1043 1495 1255 1535 Messenio.

284 1563 370 1600 ΜΑ.
400 1559 522 1599 adibo
540 1568 660 1610 atque
680 1559 885 1598 hominem
909 1559 1102 1610 accipiam
1122 1561 1257 1611 quibu'
1277 1561 1392 1601 dictis
1414 1570 1545 1601 meret.

284 1639 366 1666 non
386 1633 425 1665 te
443 1626 567 1676 pudet
586 1624 743 1676 prodire
763 1624 804 1663 in
824 1633 1083 1676 conspectum
1105 1640 1248 1675 meum,

285 1690 474 1743 flagitium
494 1690 678 1738 hominis,
700 1704 792 1729 curn
812 1690 913 1729 istoc
933 1693 1102 1729 ornatu?
1159 1693 1273 1730 ΜΕΝ.
1305 1692 1400 1742 quid
1421 1694 1508 1732 est?

196 1770 268 1807 710
283 1771 387 1809 quae
405 1764 445 1796 te
464 1770 524 1796 res
543 1755 675 1807 agitat,
697 1755 869 1795 mulier?
925 1758 1009 1800 ΜΑ,
1041 1756 1223 1804 etiamne,
1246 1757 1452 1807 inpudens,
1633 1769 1672 1792 10

284 1822 442 1862 muttire
461 1821 628 1861 uerbum
649 1835 773 1860 unum
793 1822 917 1861 audes
936 1830 1004 1860 aut
1028 1836 1185 1862 mecum
1206 1822 1346 1873 loqui?

285 1891 401 1928 ΜΕΝ.
432 1888 530 1940 quid
550 1888 713 1927 tandem
736 1887 878 1943 admisi
899 1888 939 1926 in
961 1901 1025 1927 me
1044 1896 1087 1927 ut
1106 1888 1215 1939 loqui
1235 1902 1316 1927 non
1335 1889 1500 1927 audeam
1518 1889 1534 1925 ?

286 1956 369 1994 MA.
401 1967 513 2005 rogas
533 1967 597 1993 me
612 1955 630 1992 ?
657 1953 831 1993 h6minis
851 1953 1111 2004 inpudentem
1130 1954 1335 1993 audaciam
1356 1957 1362 1991 ἵ

285 2023 400 2060 ΜΕΝ.
432 2034 515 2059 non
534 2026 577 2059 tu
597 2019 684 2067 scis,
707 2019 856 2067 mulier,
879 2021 1090 2059 Hecubam
1111 2027 1349 2071 quapropter
1368 2032 1506 2058 canem

196 2098 263 2137 715
284 2085 392 2126 Graii
412 2099 498 2125 esse
517 2084 800 2136 praedicabant
814 2086 832 2122 ?
889 2086 972 2122 ΜΑ.
1003 2098 1085 2123 non
1105 2084 1291 2135 equidem
1311 2084 1403 2123 scio.
1631 2099 1666 2130 ¹5

286 2152 401 2190 ΜΕΝ.
432 2150 526 2202 quia
544 2150 652 2190 idem
671 2149 842 2188 faciebat
864 2150 1035 2188 Hecuba
1055 2151 1163 2200 quod
1184 2157 1225 2188 tu
1247 2163 1352 2188 nunc
1372 2148 1489 2188 facis:

326 2256 392 2295 694
415 2255 538 2286 frustra
553 2253 636 2297 (es)
654 2253 839 2293 (frustra’s)
855 2252 983 2284 Ritschl
1078 2254 1144 2294 696
1167 2254 1280 2285 hercle
1297 2253 1457 2284 iracunde
1478 2251 1612 2292 Seyffert

283 2300 349 2340 698
373 2298 438 2330 abii
454 2297 520 2330 cod.
541 2298 634 2338 (corr.
653 2296 720 2339 8²)
797 2300 895 2328 octus
919 2297 1040 2328 itaedis
1055 2297 1121 2329 cod.
1143 2297 1236 2338 (corr.
1252 2295 1313 2334 3²)
1426 2306 1487 2336 707
1511 2294 1609 2326 dictis

283 2343 406 2382 quibus
421 2341 512 2374 codd.
526 2340 704 2380 Nom'i468
786 2345 881 2372 aeret
895 2339 960 2372 cod.
979 2341 1072 2382 (corr.
1086 2340 1152 2382 3²)
1167 2341 1211 2382 (A
1220 2346 1282 2382 pro
1296 2340 1328 2371 M
1346 2350 1354 2378 ;
1367 2340 1408 2371 vi.
1425 2341 1456 2379 1)
1547 2348 1610 2376 710

284 2395 340 2418 res
357 2390 391 2417 te
407 2385 472 2417 cod.
489 2397 497 2416 z
520 2385 593 2417 trai.
608 2384 704 2425 Brix‚
718 2383 898 2416 secundum
913 2394 1038 2415 morem
1054 2383 1250 2416 Plautinum
1383 2392 1446 2422 713
1465 2381 1513 2413 vel
1532 2380 1607 2411 med

371 2428 436 2473 (ο)
451 2430 540 2461 hom.
561 2427 701 2470 Pylades
1461 2468 1522 2499 27*
