1737 2765
708 144 1061 183 MEN.=x1·:('1{Ml
1499 153 1528 187 V

132 252 203 295 870
220 252 290 290 sed
311 251 398 302 quis
419 251 482 290 hie
503 260 560 290 cst
581 252 648 302 qui
676 265 738 290 me
759 252 901 302 capillo
923 254 1014 290 hinc
1034 255 1084 292 dc
1105 268 1216 293 curru
1237 257 1407 306 deripit?

220 316 425 366 imperium
448 325 557 355 tuom
579 318 756 355 demutat
777 325 896 366 atque
917 317 1089 355 edictum
1112 320 1316 369 Apollinis.

273 382 337 420 SE.
360 395 408 420 eu
431 383 560 420 hercle
583 382 765 420 morbum
787 395 917 420 acrem
938 396 983 420 at·
1005 384 1169 421 durum!
1202 398 1219 417 *
1254 400 1270 419 *
1305 399 1321 418 *

490 460 507 480 s:
678 463 695 483 »ι
865 462 882 482 *
914 447 965 495 di,
990 456 1160 486 uostram
1184 451 1299 489 f1dcm
1321 454 1327 488 l

112 515 200 560 873⁸
272 513 335 550 uel
356 511 420 550 hic
440 512 506 562 qui
529 512 672 551 insanit
693 526 813 562 quam
835 512 956 551 ualuit
978 515 1109 563 paullo
1130 514 1234 563 prius
1253 518 1260 552 ἓ

271 576 306 615 ei
327 577 540 627 derepente
561 586 692 616 tantus
714 578 874 616 morbus
896 577 1043 616 incidit.

131 639 197 683 875
272 641 364 681 eibo
383 650 503 693 atque
524 656 722 682 accersam
747 643 945 681 medicum
969 643 1042 681 iam
1067 652 1257 694 quantum
1280 654 1474 695 potest.—

488 754 891 790 MENAEcnmvs
928 753 979 790 II
1092 757 1278 791 Saxi-:x

219 835 335 873 MEN.
369 835 507 873 Iamne
529 834 591 873 isti
611 834 802 881 abierunt,
826 847 984 884 quaeso,
1009 848 1055 873 ex
1075 844 1289 885 conspectu
1313 850 1412 884 mco,

216 897 284 948 qui
307 912 370 937 me
390 899 429 936 ui
449 906 596 948 cogunt
618 906 659 937 ut
680 898 835 937 ualidus
857 898 1047 936 insaniam
1065 901 1082 936 ?

215 963 313 1014 quid
335 978 446 1017 cesso
466 964 573 1003 abire
593 965 644 1003 ad
666 977 809 1002 nauem
832 965 927 1002 dum
949 966 1059 1002 saluo
1080 964 1198 1003 licet?

68 1033 196 1077 87980
216 1042 368 1101 uosque
388 1030 517 1068 omnis
538 1043 698 1080 quaeso,
721 1029 751 1068 si
772 1043 891 1068 senex
911 1029 1114 1077 reuenerst,

108 1102 117 1105 χ
216 1094 255 1133 ni
278 1109 341 1134 me
362 1095 543 1134 indicetis
563 1109 642 1145 qua
662 1097 792 1145 platea
811 1095 904 1134 hinc
924 1095 1149 1145 aufugerim.
1154 1119 1207 1124 —

217 1160 281 1198 SE.
314 1161 439 1199 lumbi
460 1162 649 1208 sedendo,
674 1160 778 1200 oculi
800 1161 1018 1210 spectando
1038 1161 1188 1205 dolent,

218 1227 419 1264 manendo
441 1225 639 1264 medicum
662 1227 757 1264 dum
780 1239 820 1264 se
841 1239 888 1264 ex
908 1239 1025 1276 opere
1047 1225 1217 1275 recipiat.

217 1290 380 1329 odiosus
401 1293 561 1330 tandem
584 1291 647 1329 uix
667 1292 718 1329 ab
738 1290 905 1341 aegrotis
926 1290 1044 1337 uenit,

129 1358 196 1404 885
216 1356 271 1396 ait
291 1370 332 1396 se
353 1357 547 1407 obligasse
569 1371 657 1396 crus
678 1358 843 1395 fractum
865 1356 1115 1407 Aesculapio,

217 1421 394 1472 Apollini
413 1429 547 1461 autem
569 1422 808 1460 bracchium.
869 1435 975 1459 nunc
995 1421 1126 1471 cogito

216 1495 347 1525 utrum
368 1501 431 1526 me
451 1487 582 1527 dicam
603 1489 748 1526 ducere
771 1486 970 1525 medicum
990 1500 1039 1524 an
1062 1487 1225 1524 fabrum.

215 1560 334 1604 atque
354 1567 492 1592 eccum
514 1553 672 1592 incedit.
732 1566 850 1591 moue
871 1552 1119 1591 formicinum
1141 1553 1315 1602 gradum.

621 1666 883 1702 MED1cvs
993 1664 1179 1700 SENEX

217 1748 331 1786 MED.
365 1747 474 1797 Quid
495 1761 581 1786 esse
603 1747 656 1785 illi
677 1746 804 1786 morbi
825 1745 1007 1785 dixeras?
1036 1758 1158 1791 narra,
1189 1757 1318 1782 senex.

128 1816 198 1860 890
216 1825 311 1851 num
332 1814 520 1851 laruatust
539 1820 608 1851 aut
628 1812 788 1852 cerritus
805 1813 821 1850 ?
850 1813 911 1850 fac
932 1809 1063 1848 sciam.

215 1890 312 1916 num
333 1891 424 1916 eum
446 1885 631 1917 ueternus
650 1885 718 1916 aut
738 1890 842 1928 aqua
862 1876 1033 1914 intercus
1055 1875 1194 1913 tenet?

215 1943 279 1981 SE.
312 1942 407 1993 quin
429 1956 474 1981 ea
495 1950 533 1981 te
553 1956 692 1982 caussa
712 1944 817 1982 duco
838 1949 880 1980 ut
901 1941 941 1979 id
962 1940 1070 1980 dicas
1096 1938 1191 1977 mihi

1535 153 1592 189 .ἰί

1568 398 1625 420 120

1565 751 1608 788 iii

1568 1437 1606 1459 10

1565 1660 1616 1697 iv.

213 2014 333 2058 atque
352 2007 462 2046 illum
484 2016 526 2047 ut
546 2022 686 2047 sanum
707 2007 836 2046 facias.
898 2008 1011 2044 MED.
1044 2003 1226 2055 perfacile
1248 2003 1286 2042 id
1309 2002 1515 2053 quidemst.
1564 2020 1579 2049 5

215 2086 355 2112 sanum
374 2074 560 2121 futurum,
583 2087 671 2113 mea
691 2087 764 2124 ego
785 2073 825 2112 id
846 2071 1033 2123 promitto
1055 2071 1142 2108 fide.

259 2172 320 2212 871
347 2177 449 2212 atque
466 2173 590 2204 dictum
608 2172 674 2204 cod.
824 2172 889 2211 872
914 2170 1070 2200 lacunam
1089 2167 1182 2198 indic.
1201 2167 1332 2198 Scltoell.
1380 2166 1488 2206 Neque
1504 2176 1542 2195 eu

215 2215 332 2247 hercle
349 2227 450 2256 neque
465 2227 506 2248 eu
525 2216 628 2247 hercl'
636 2217 766 2257 placent
854 2216 915 2253 877
935 2213 1066 2243 ualidos
1080 2212 1189 2250 vafer
1192 2211 1319 2242 endum
1380 2215 1415 2240 ut
1430 2209 1545 2239 ualens

215 2259 325 2291 Brix.
338 2259 420 2300 sort.
437 2260 568 2291 ualidus
579 2261 626 2291 uti
747 2259 920 2290 uesaniam
938 2256 1040 2286 Bothe
1057 2255 1108 2295 (cf.
1128 2266 1156 2285 v.
1175 2256 1257 2295 921)
1372 2257 1448 2294 post
1461 2253 1548 2283 Imm·

215 2313 348 2334 versum
376 2304 532 2334 lacunam
559 2304 653 2336 mdic.
683 2303 810 2334 Rttsclzl
953 2301 1017 2330 882
1048 2299 1232 2338 spectando
1257 2298 1430 2329 Ausonius
1455 2295 1541 2326 Lucl.

216 2347 304 2388 Sept.
331 2346 413 2387 Sap.
441 2357 523 2387 131:
550 2347 784 2387 exspectando
803 2345 869 2377 cod.
899 2346 942 2384 (v
967 2354 999 2382 9,
1025 2353 1055 2382 p.
1084 2342 1140 2381 70)
1274 2342 1338 2380 889
1363 2345 1454 2371 esset
1478 2338 1542 2370 cod.

216 2392 283 2431 890
306 2391 456 2422 laruatus
471 2390 537 2422 cod.
629 2391 678 2422 vel
693 2392 841 2422 laruatus
864 2394 921 2419 aut
937 2387 1092 2417 cerritust
1223 2386 1282 2423 891
1312 2390 1456 2415 uctenus
1479 2381 1542 2412 cod.

217 2434 311 2475 (corr.
325 2433 373 2464 B‘2
362 2436 388 2474 ·)
501 2436 566 2474 893
589 2435 748 2474 quideast
763 2433 827 2465 cod.
849 2435 885 2462 u!
901 2429 1108 2470 v1'd.(Ap10
1126 2428 1175 2468 Μ)
1194 2428 1286 2467 (wir.
1307 2426 1355 2458 32
1360 2428 1372 2467 )
1480 2426 1540 2463 894

217 2489 277 2509 eco
294 2478 359 2510 cod.
379 2478 420 2519 <C
433 2484 495 2519 pao
512 2479 564 2515 G;
588 2478 630 2510 vi.
652 2480 683 2518 1)
