1737 2765
0 164 101 192 ‘ROL
541 150 588 188 T.
623 149 803 189 MACCI
835 149 1040 187 PLAVTI

122 278 259 304 uerum
281 263 372 303 illuc
392 265 512 303 redeo
533 263 640 302 unde
660 261 737 301 abii
758 269 876 312 atque
896 275 977 300 uno
997 268 1083 300 asto
1104 260 1143 299 in
1164 262 1263 300 loco.

124 329 444 381 Epidamniensis
465 329 518 367 ill'
539 342 657 379 quem
678 328 831 367 dudum
852 327 1041 375 dixeram,

121 395 323 446 geminum
345 395 453 434 illum
475 407 640 445 puerum
663 393 729 443 qui
751 392 948 443 surrupuit
968 394 1148 441 alterum,

124 462 159 500 ei
181 461 392 500 liberorum
414 460 487 498 nisi
508 459 670 499 diuitiae
691 458 788 497 nihil
808 465 888 497 erat
906 473 913 496 :

63 534 107 567 60
125 528 288 577 adoptat
308 526 416 564 illum
438 538 602 576 puerum
624 523 899 574 surrupticium

126 592 199 631 sibi
220 591 343 630 filium
364 591 479 641 eique
499 603 659 629 uxorem
680 590 856 628 dotatam
877 588 998 635 dedit,

124 670 296 708 eumque
316 658 501 695 heredem
522 655 613 694 fecit
633 668 754 705 quom
775 654 859 705 ipse
879 653 977 693 obiit
998 652 1116 692 diem.

126 736 218 761 nam
238 735 302 760 rus
321 729 363 760 ut
384 721 464 760 ibat
484 722 593 768 forte,
616 727 658 758 ut
679 721 846 758 multum
867 708 1041 769 pluerat,

126 787 320 838 ingressus
341 786 506 825 fluuium
526 785 707 836 rapidum
727 785 778 823 ab
799 784 895 823 urbe
915 785 995 822 hau
1016 784 1185 833 longule,

66 856 107 900 65
126 852 284 903 rapidus
304 850 446 901 raptori
467 850 575 901 pueri
596 848 783 888 subduxit
802 849 924 899 pedes

125 916 389 968 apstraxitque
409 915 613 954 hominem
634 914 673 953 in
695 927 919 952 maxumam
942 915 1085 952 malam
1107 926 1275 952 erucem.
1294 962 1297 965 s

126 983 178 1021 illi
200 982 361 1022 diuitiae
386 981 390 1033 l
417 988 633 1020 euenerunt
654 992 872 1018 maxumae.

126 1048 158 1086 is
178 1047 256 1086 illic
275 1046 426 1086 habitat
445 1045 624 1096 geminus
645 1043 912 1095 surrupticius.
966 1077 968 1079 ,

126 1126 234 1152 nunc
254 1113 317 1151 ille
336 1111 528 1162 geminus,
550 1110 617 1161 qui
638 1110 837 1160 Syracusis
858 1109 988 1155 habet,

69 1196 109 1230 70
127 1178 247 1218 hodie
268 1177 308 1216 in
330 1177 598 1228 Epidamnum
618 1176 727 1215 uenit
747 1189 838 1215 cum
859 1188 974 1214 seruo
993 1188 1067 1214 suo

128 1246 234 1283 hunc
254 1229 514 1294 quaeritatum
533 1241 735 1293 geminum
755 1253 985 1292 germanum
1006 1253 1133 1279 suom.

127 1311 224 1348 haec
245 1309 338 1348 urbs
359 1307 607 1358 Epidamnus
627 1314 686 1346 est
706 1307 802 1345 dum
823 1307 922 1345 haec
941 1305 1069 1356 agitur
1088 1305 1243 1344 fabula:

127 1375 288 1425 quando
307 1373 383 1411 alia
402 1380 536 1423 agetur
555 1372 662 1411 aliud
683 1372 750 1410 fiet
770 1371 962 1422 oppidum
979 1385 989 1418 3

128 1440 228 1478 sicut
248 1438 417 1477 familiae
437 1451 597 1488 quoque
617 1438 744 1476 solent
765 1434 948 1475 mutarier
965 1449 973 1474 :

71 1519 109 1555 75
131 1506 251 1544 modo
271 1504 335 1543 hic
354 1503 506 1542 habitat
525 1504 628 1550 leno,
651 1503 773 1541 modo
792 1503 1040 1549 adulescens,
1060 1501 1182 1539 modo
1203 1513 1332 1548 senex,

129 1583 287 1621 pauper,
310 1568 527 1615 mendicus,
550 1581 626 1615 rex,
648 1566 851 1618 parasitus,
874 1566 1045 1604 hariolus

184 1650 202 1670 >·.<
317 1649 334 1669 21<
449 1647 466 1667 >ie
580 1648 599 1667 >k
714 1646 731 1666 21<
845 1645 864 1666 »ιε
978 1643 996 1663 ss

171 1740 214 1778 56
237 1737 412 1769 redeunde
424 1736 490 1769 cod.
506 1735 600 1778 (corr.
612 1734 676 1776 132)
820 1743 861 1774 57
885 1732 1001 1765 accedit
1015 1733 1048 1764 A
1065 1744 1073 1773 ;
1097 1742 1204 1773 57-75
1222 1737 1354 1765 lantum
1370 1733 1463 1765 initia

128 1786 255 1814 servata
387 1782 430 1821 58
452 1780 594 1812 alteram
608 1778 675 1811 cod.
696 1778 799 1818 (-rum
814 1778 874 1820 3¹)
1006 1786 1049 1818 59
1071 1777 1206 1809 diuiliae
1223 1776 1288 1809 cod.

128 1837 228 1866 quom
245 1825 348 1857 Pius:
370 1835 469 1865 quarn
487 1823 555 1855 cod.
688 1824 730 1861 65
754 1823 861 1862 pedes
871 1820 1075 1853 Saracenas:
1095 1821 1182 1852 fides
1199 1820 1264 1853 cod.
1283 1820 1328 1863 (F
1337 1821 1439 1863 proP
1454 1833 1463 1862 ;

128 1871 172 1902 vi.
197 1871 229 1910 1)
374 1870 417 1908 67
442 1868 487 1899 illi
520 1865 677 1910 (autem)
707 1865 835 1897 Schoell
978 1865 1035 1896 vix
1065 1865 1300 1897 deuenerunt'

129 1914 245 1945 ueniet
278 1912 413 1954 Geppert
542 1922 583 1951 74
606 1910 730 1942 mutari
759 1909 828 1940 cod.
862 1908 898 1948 (i.
929 1919 959 1948 7,
992 1910 1046 1947 11)
1190 1917 1230 1948 75
1253 1909 1308 1940 hic
1335 1908 1463 1940 habitat

129 1957 258 1989 Schoell
271 1968 278 1988 :
301 1958 336 1987 ni
353 1956 477 1987 caditat
493 1954 534 1995 P,
553 1955 586 1985 A
613 1966 646 1986 n.
669 1955 688 1985 I.
842 1954 884 1992 76
906 1953 939 1983 in
960 1952 994 1983 A
1024 1962 1125 1992 usque
1149 1952 1197 1983 ad
1210 1963 1240 1984 v.
1266 1962 1304 1992 91
1331 1955 1463 1983 tantum

1477 1180 1526 1217 70

125 2005 309 2041 paucorum
327 2010 482 2032 versmun
498 2003 642 2031 extrema
665 2000 835 2039 apparent,
851 1996 1012 2037 prologus
1027 2006 1094 2028 uno
1110 2006 1204 2028 versu
1226 1997 1351 2028 auctior
1354 1995 1464 2037 fuisse

129 2045 258 2076 videtur

1205 2171 1295 2201 —N
