<?xml version="1.0" encoding="UTF-8"?>
<!DOCTYPE html PUBLIC "-//W3C//DTD XHTML 1.0 Transitional//EN"
    "http://www.w3.org/TR/xhtml1/DTD/xhtml1-transitional.dtd">
<html xmlns="http://www.w3.org/1999/xhtml" xml:lang="en" lang="en">
 <head>
  <title>
</title>
<meta http-equiv="Content-Type" content="text/html;charset=utf-8" />
  <meta name='ocr-system' content='tesseract 3.04.00' />
  <meta name='ocr-capabilities' content='ocr_page ocr_carea ocr_par ocr_line ocrx_word'/>
</head>
<body>
  <div class='ocr_page' id='page_1' title='image "./menaechmi00plauuoft/menaechmi00plauuoft_0109.png"; bbox 0 0 1737 2765; ppageno 0'>
   <div class='ocr_carea' id='block_1_1' title="bbox 692 151 1575 196">
    <p class='ocr_par' dir='ltr' id='par_1_1' title="bbox 692 151 1575 196">
     <span class='ocr_line' id='line_1_1' title="bbox 692 151 1575 196; baseline 0.009 -8"><span class='ocrx_word' id='word_1_1' title='bbox 692 151 1047 190; x_wconf 67' lang='lat' dir='ltr'>MENAECHMI</span> <span class='ocrx_word' id='word_1_2' title='bbox 1479 160 1523 196; x_wconf 90' lang='lat' dir='ltr'><strong>V.</strong></span> <span class='ocrx_word' id='word_1_3' title='bbox 1545 170 1575 196; x_wconf 90' lang='lat' dir='ltr'>v</span> 
     </span>
    </p>
   </div>
   <div class='ocr_carea' id='block_1_2' title="bbox 21 259 1586 2426">
    <p class='ocr_par' dir='ltr' id='par_1_2' title="bbox 21 259 1586 2426">
     <span class='ocr_line' id='line_1_2' title="bbox 116 259 1522 312; baseline 0.003 -12"><span class='ocrx_word' id='word_1_4' title='bbox 116 274 183 312; x_wconf 81' lang='lat'><strong>915</strong></span> <span class='ocrx_word' id='word_1_5' title='bbox 202 261 337 300; x_wconf 85' lang='lat' dir='ltr'><strong>album</strong></span> <span class='ocrx_word' id='word_1_6' title='bbox 358 273 408 299; x_wconf 87' lang='lat' dir='ltr'><strong>an</strong></span> <span class='ocrx_word' id='word_1_7' title='bbox 428 269 555 298; x_wconf 81' lang='lat' dir='ltr'><strong>atrum</strong></span> <span class='ocrx_word' id='word_1_8' title='bbox 577 259 714 297; x_wconf 86' lang='lat' dir='ltr'><strong>uinum</strong></span> <span class='ocrx_word' id='word_1_9' title='bbox 736 261 879 309; x_wconf 77' lang='lat' dir='ltr'><strong>potas?</strong></span> <span class='ocrx_word' id='word_1_10' title='bbox 954 261 1066 298; x_wconf 53' lang='lat' dir='ltr'><strong>Max.</strong></span> <span class='ocrx_word' id='word_1_11' title='bbox 1090 262 1184 311; x_wconf 83' lang='lat' dir='ltr'><strong>quin</strong></span> <span class='ocrx_word' id='word_1_12' title='bbox 1208 272 1245 300; x_wconf 83' lang='lat' dir='ltr'><strong>tu</strong></span> <span class='ocrx_word' id='word_1_13' title='bbox 1271 264 1300 300; x_wconf 69' lang='lat' dir='ltr'><strong>is</strong></span> <span class='ocrx_word' id='word_1_14' title='bbox 1323 264 1360 301; x_wconf 87' lang='lat' dir='ltr'><strong>in</strong></span> <span class='ocrx_word' id='word_1_15' title='bbox 1384 267 1522 304; x_wconf 69' lang='lat' dir='ltr'><strong>malam</strong></span> 
     </span>
     <span class='ocr_line' id='line_1_3' title="bbox 1343 333 1527 368; baseline 0.011 -1"><span class='ocrx_word' id='word_1_16' title='bbox 1343 333 1527 368; x_wconf 73' lang='lat' dir='ltr'><strong>cruceni?</strong></span> 
     </span>
     <span class='ocr_line' id='line_1_4' title="bbox 204 390 1524 445; baseline 0.003 -16"><span class='ocrx_word' id='word_1_17' title='bbox 204 393 316 430; x_wconf 65' lang='lat' dir='ltr'><strong>Man.</strong></span> <span class='ocrx_word' id='word_1_18' title='bbox 349 391 425 430; x_wconf 88' lang='lat' dir='ltr'><strong>iam</strong></span> <span class='ocrx_word' id='word_1_19' title='bbox 447 391 577 429; x_wconf 80' lang='lat' dir='ltr'><strong>hercle</strong></span> <span class='ocrx_word' id='word_1_20' title='bbox 598 398 778 440; x_wconf 79' lang='lat' dir='ltr'><strong>occeptat</strong></span> <span class='ocrx_word' id='word_1_21' title='bbox 801 390 969 431; x_wconf 81' lang='lat' dir='ltr'><strong>insanire</strong></span> <span class='ocrx_word' id='word_1_22' title='bbox 990 391 1212 442; x_wconf 82' lang='lat' dir='ltr'><strong>primulum.</strong></span> <span class='ocrx_word' id='word_1_23' title='bbox 1286 396 1400 432; x_wconf 68' lang='grc' dir='ltr'><strong>ΜΕΝ.</strong></span> <span class='ocrx_word' id='word_1_24' title='bbox 1432 397 1524 445; x_wconf 72' lang='lat' dir='ltr'><strong>quin</strong></span> 
     </span>
     <span class='ocr_line' id='line_1_5' title="bbox 1134 455 1525 509; baseline 0.005 -14"><span class='ocrx_word' id='word_1_25' title='bbox 1134 455 1209 509; x_wconf 85' lang='lat' dir='ltr'><strong>[tu]</strong></span> <span class='ocrx_word' id='word_1_26' title='bbox 1233 471 1293 496; x_wconf 86' lang='lat' dir='ltr'><strong>me</strong></span> <span class='ocrx_word' id='word_1_27' title='bbox 1315 458 1525 509; x_wconf 68' lang='lat' dir='ltr'>interrogas</span> 
     </span>
     <span class='ocr_line' id='line_1_6' title="bbox 201 520 1526 573; baseline 0.001 -13"><span class='ocrx_word' id='word_1_28' title='bbox 201 534 440 573; x_wconf 89' lang='lat' dir='ltr'><strong>purpureum</strong></span> <span class='ocrx_word' id='word_1_29' title='bbox 460 533 604 571; x_wconf 88' lang='lat' dir='ltr'><strong>panem</strong></span> <span class='ocrx_word' id='word_1_30' title='bbox 624 534 673 558; x_wconf 84' lang='lat' dir='ltr'><strong>an</strong></span> <span class='ocrx_word' id='word_1_31' title='bbox 696 520 908 570; x_wconf 84' lang='lat' dir='ltr'><strong>puniceum</strong></span> <span class='ocrx_word' id='word_1_32' title='bbox 926 523 1073 560; x_wconf 80' lang='lat' dir='ltr'><strong>soleam</strong></span> <span class='ocrx_word' id='word_1_33' title='bbox 1091 536 1163 572; x_wconf 81' lang='lat' dir='ltr'><strong>ego</strong></span> <span class='ocrx_word' id='word_1_34' title='bbox 1179 536 1263 561; x_wconf 78' lang='lat' dir='ltr'><strong>csse</strong></span> <span class='ocrx_word' id='word_1_35' title='bbox 1279 536 1327 560; x_wconf 81' lang='lat' dir='ltr'><strong>an</strong></span> <span class='ocrx_word' id='word_1_36' title='bbox 1345 524 1492 561; x_wconf 73' lang='lat' dir='ltr'><strong>luteum</strong></span> <span class='ocrx_word' id='word_1_37' title='bbox 1510 526 1526 561; x_wconf 89' lang='lat'>?</span> 
     </span>
     <span class='ocr_line' id='line_1_7' title="bbox 199 585 1586 639; baseline 0.002 -15"><span class='ocrx_word' id='word_1_38' title='bbox 199 587 400 625; x_wconf 87' lang='lat' dir='ltr'>soleamne</span> <span class='ocrx_word' id='word_1_39' title='bbox 415 598 500 624; x_wconf 90' lang='lat' dir='ltr'><strong>esse</strong></span> <span class='ocrx_word' id='word_1_40' title='bbox 515 585 599 623; x_wconf 86' lang='lat' dir='ltr'><strong>auis</strong></span> <span class='ocrx_word' id='word_1_41' title='bbox 615 598 877 635; x_wconf 73' lang='lat' dir='ltr'><strong>squamossas,</strong></span> <span class='ocrx_word' id='word_1_42' title='bbox 893 586 1010 636; x_wconf 87' lang='lat' dir='ltr'><strong>piscis</strong></span> <span class='ocrx_word' id='word_1_43' title='bbox 1024 595 1215 637; x_wconf 72' lang='lat' dir='ltr'><strong>pennatos</strong></span> <span class='ocrx_word' id='word_1_44' title='bbox 1230 589 1245 624; x_wconf 92' lang='lat'>?</span> <span class='ocrx_word' id='word_1_45' title='bbox 1291 590 1353 626; x_wconf 70' lang='lat' dir='ltr'><strong>SE.</strong></span> <span class='ocrx_word' id='word_1_46' title='bbox 1377 602 1500 639; x_wconf 78' lang='lat' dir='ltr'><strong>papae</strong></span> <span class='ocrx_word' id='word_1_47' title='bbox 1517 592 1524 626; x_wconf 73' lang='lat'><em>1</em></span> <span class='ocrx_word' id='word_1_48' title='bbox 1546 605 1586 627; x_wconf 87' lang='lat'><strong>20</strong></span> 
     </span>
     <span class='ocr_line' id='line_1_8' title="bbox 49 640 1329 701; baseline 0.005 -16"><span class='ocrx_word' id='word_1_49' title='bbox 49 659 183 695; x_wconf 87' lang='lat'><strong>919·20</strong></span> <span class='ocrx_word' id='word_1_50' title='bbox 197 649 320 689; x_wconf 88' lang='lat' dir='ltr'><strong>audin</strong></span> <span class='ocrx_word' id='word_1_51' title='bbox 336 658 377 689; x_wconf 86' lang='lat' dir='ltr'><strong>tu</strong></span> <span class='ocrx_word' id='word_1_52' title='bbox 398 640 444 689; x_wconf 56' lang='lat' dir='ltr'><strong>ut</strong></span> <span class='ocrx_word' id='word_1_53' title='bbox 459 649 718 690; x_wconf 83' lang='lat' dir='ltr'><strong>deliramenta</strong></span> <span class='ocrx_word' id='word_1_54' title='bbox 740 650 941 700; x_wconf 87' lang='lat' dir='ltr'><strong>loquitur?</strong></span> <span class='ocrx_word' id='word_1_55' title='bbox 970 652 1066 701; x_wconf 90' lang='lat' dir='ltr'><strong>quid</strong></span> <span class='ocrx_word' id='word_1_56' title='bbox 1087 666 1215 690; x_wconf 78' lang='lat' dir='ltr'>cessas</span> <span class='ocrx_word' id='word_1_57' title='bbox 1237 654 1329 692; x_wconf 87' lang='lat' dir='ltr'><strong>dare</strong></span> 
     </span>
     <span class='ocr_line' id='line_1_9' title="bbox 197 714 1184 767; baseline 0.001 -13"><span class='ocrx_word' id='word_1_58' title='bbox 197 715 370 767; x_wconf 89' lang='lat' dir='ltr'><strong>potionis</strong></span> <span class='ocrx_word' id='word_1_59' title='bbox 389 714 539 767; x_wconf 89' lang='lat' dir='ltr'><strong>aliquid</strong></span> <span class='ocrx_word' id='word_1_60' title='bbox 559 715 656 766; x_wconf 86' lang='lat' dir='ltr'><strong>priu’</strong></span> <span class='ocrx_word' id='word_1_61' title='bbox 676 728 795 765; x_wconf 78' lang='lat' dir='ltr'><strong>quam</strong></span> <span class='ocrx_word' id='word_1_62' title='bbox 817 716 981 766; x_wconf 83' lang='lat' dir='ltr'>percipit</span> <span class='ocrx_word' id='word_1_63' title='bbox 1001 716 1184 755; x_wconf 81' lang='lat' dir='ltr'><strong>insania?</strong></span> 
     </span>
     <span class='ocr_line' id='line_1_10' title="bbox 198 780 1524 830; baseline 0.003 -11"><span class='ocrx_word' id='word_1_64' title='bbox 198 782 312 819; x_wconf 82' lang='lat' dir='ltr'>MED.</span> <span class='ocrx_word' id='word_1_65' title='bbox 344 794 461 820; x_wconf 86' lang='lat' dir='ltr'><strong>mane</strong></span> <span class='ocrx_word' id='word_1_66' title='bbox 495 781 628 827; x_wconf 92' lang='lat' dir='ltr'><strong>modo,</strong></span> <span class='ocrx_word' id='word_1_67' title='bbox 663 780 782 819; x_wconf 83' lang='lat' dir='ltr'><strong>etiam</strong></span> <span class='ocrx_word' id='word_1_68' title='bbox 818 782 1079 830; x_wconf 81' lang='lat' dir='ltr'><strong>percontabor</strong></span> <span class='ocrx_word' id='word_1_69' title='bbox 1112 782 1196 820; x_wconf 82' lang='lat' dir='ltr'><strong>alia.</strong></span> <span class='ocrx_word' id='word_1_70' title='bbox 1270 785 1334 822; x_wconf 70' lang='lat' dir='ltr'><strong>SE.</strong></span> <span class='ocrx_word' id='word_1_71' title='bbox 1375 783 1524 823; x_wconf 87' lang='lat' dir='ltr'><strong>occidis</strong></span> 
     </span>
     <span class='ocr_line' id='line_1_11' title="bbox 1331 849 1520 888; baseline 0 -1"><span class='ocrx_word' id='word_1_72' title='bbox 1331 849 1520 888; x_wconf 73' lang='lat' dir='ltr'><strong>fabularis.</strong></span> 
     </span>
     <span class='ocr_line' id='line_1_12' title="bbox 198 910 1470 962; baseline 0.002 -13"><span class='ocrx_word' id='word_1_73' title='bbox 198 912 310 950; x_wconf 80' lang='lat' dir='ltr'><strong>MED.</strong></span> <span class='ocrx_word' id='word_1_74' title='bbox 343 910 408 950; x_wconf 91' lang='lat' dir='ltr'><strong>dic</strong></span> <span class='ocrx_word' id='word_1_75' title='bbox 428 910 524 950; x_wconf 92' lang='lat' dir='ltr'><strong>mihi</strong></span> <span class='ocrx_word' id='word_1_76' title='bbox 545 912 621 950; x_wconf 92' lang='lat' dir='ltr'><strong>hoc</strong></span> <span class='ocrx_word' id='word_1_77' title='bbox 642 925 648 948; x_wconf 89' lang='lat'>:</span> <span class='ocrx_word' id='word_1_78' title='bbox 678 912 807 949; x_wconf 84' lang='lat' dir='ltr'><strong>solent</strong></span> <span class='ocrx_word' id='word_1_79' title='bbox 828 910 895 948; x_wconf 88' lang='lat' dir='ltr'><strong>tibi</strong></span> <span class='ocrx_word' id='word_1_80' title='bbox 919 925 1107 962; x_wconf 78' lang='lat' dir='ltr'><strong>umquam</strong></span> <span class='ocrx_word' id='word_1_81' title='bbox 1129 912 1231 950; x_wconf 81' lang='lat' dir='ltr'><strong>oculi</strong></span> <span class='ocrx_word' id='word_1_82' title='bbox 1253 912 1339 951; x_wconf 89' lang='lat' dir='ltr'><strong>duri</strong></span> <span class='ocrx_word' id='word_1_83' title='bbox 1361 913 1470 951; x_wconf 82' lang='lat' dir='ltr'><strong>fieri?</strong></span> 
     </span>
     <span class='ocr_line' id='line_1_13' title="bbox 198 976 1582 1027; baseline -0.001 -13"><span class='ocrx_word' id='word_1_84' title='bbox 198 977 312 1014; x_wconf 76' lang='grc' dir='ltr'><strong>ΜΕΝ.</strong></span> <span class='ocrx_word' id='word_1_85' title='bbox 353 976 482 1027; x_wconf 89' lang='lat' dir='ltr'><strong>quid?</strong></span> <span class='ocrx_word' id='word_1_86' title='bbox 528 984 569 1015; x_wconf 90' lang='lat' dir='ltr'><strong>tu</strong></span> <span class='ocrx_word' id='word_1_87' title='bbox 609 989 673 1015; x_wconf 86' lang='lat' dir='ltr'><strong>me</strong></span> <span class='ocrx_word' id='word_1_88' title='bbox 715 977 907 1014; x_wconf 81' lang='lat' dir='ltr'>locustam</span> <span class='ocrx_word' id='word_1_89' title='bbox 954 990 1091 1015; x_wconf 85' lang='lat' dir='ltr'><strong>censes</strong></span> <span class='ocrx_word' id='word_1_90' title='bbox 1126 990 1221 1024; x_wconf 80' lang='lat' dir='ltr'><strong>esse,</strong></span> <span class='ocrx_word' id='word_1_91' title='bbox 1262 978 1383 1016; x_wconf 88' lang='lat' dir='ltr'><strong>homo</strong></span> <span class='ocrx_word' id='word_1_92' title='bbox 1422 978 1522 1027; x_wconf 76' lang='lat' dir='ltr'><strong>igna-</strong></span> <span class='ocrx_word' id='word_1_93' title='bbox 1545 992 1559 1013; x_wconf 83' lang='lat'>2</span> <span class='ocrx_word' id='word_1_94' title='bbox 1566 994 1582 1024; x_wconf 88' lang='lat'><strong>5</strong></span> 
     </span>
     <span class='ocr_line' id='line_1_14' title="bbox 1323 1041 1524 1082; baseline 0.015 -3"><span class='ocrx_word' id='word_1_95' title='bbox 1323 1041 1494 1082; x_wconf 87' lang='lat' dir='ltr'><strong>uissume</strong></span> <span class='ocrx_word' id='word_1_96' title='bbox 1507 1045 1524 1081; x_wconf 78' lang='grc' dir='ltr'><em>Ρ</em></span> 
     </span>
     <span class='ocr_line' id='line_1_15' title="bbox 106 1105 1522 1157; baseline 0.001 -12"><span class='ocrx_word' id='word_1_97' title='bbox 106 1118 173 1156; x_wconf 84' lang='lat'><strong>925</strong></span> <span class='ocrx_word' id='word_1_98' title='bbox 196 1107 309 1144; x_wconf 79' lang='lat' dir='ltr'><strong>MED.</strong></span> <span class='ocrx_word' id='word_1_99' title='bbox 341 1105 406 1146; x_wconf 93' lang='lat' dir='ltr'><strong>dic</strong></span> <span class='ocrx_word' id='word_1_100' title='bbox 441 1105 537 1144; x_wconf 88' lang='lat' dir='ltr'><strong>mihi</strong></span> <span class='ocrx_word' id='word_1_101' title='bbox 554 1121 562 1144; x_wconf 87' lang='lat'>:</span> <span class='ocrx_word' id='word_1_102' title='bbox 603 1119 847 1156; x_wconf 83' lang='lat' dir='ltr'>enumquam</span> <span class='ocrx_word' id='word_1_103' title='bbox 883 1105 1068 1144; x_wconf 87' lang='lat' dir='ltr'><strong>intestina</strong></span> <span class='ocrx_word' id='word_1_104' title='bbox 1102 1106 1172 1144; x_wconf 87' lang='lat' dir='ltr'><strong>tibi</strong></span> <span class='ocrx_word' id='word_1_105' title='bbox 1207 1114 1380 1156; x_wconf 88' lang='lat' dir='ltr'><strong>crepant,</strong></span> <span class='ocrx_word' id='word_1_106' title='bbox 1414 1109 1522 1157; x_wconf 90' lang='lat' dir='ltr'><strong>quod</strong></span> 
     </span>
     <span class='ocr_line' id='line_1_16' title="bbox 1350 1171 1523 1211; baseline 0 -1"><span class='ocrx_word' id='word_1_107' title='bbox 1350 1171 1493 1210; x_wconf 85' lang='lat' dir='ltr'><strong>sentias</strong></span> <span class='ocrx_word' id='word_1_108' title='bbox 1506 1174 1523 1211; x_wconf 84' lang='lat'>?</span> 
     </span>
     <span class='ocr_line' id='line_1_17' title="bbox 193 1235 1519 1286; baseline 0 -11"><span class='ocrx_word' id='word_1_109' title='bbox 193 1237 307 1275; x_wconf 80' lang='grc' dir='ltr'>ΜΕΝ.</span> <span class='ocrx_word' id='word_1_110' title='bbox 340 1236 409 1276; x_wconf 93' lang='lat' dir='ltr'><strong>ubi</strong></span> <span class='ocrx_word' id='word_1_111' title='bbox 435 1244 541 1276; x_wconf 85' lang='lat' dir='ltr'><strong>satur</strong></span> <span class='ocrx_word' id='word_1_112' title='bbox 561 1249 659 1284; x_wconf 83' lang='lat' dir='ltr'><strong>sum,</strong></span> <span class='ocrx_word' id='word_1_113' title='bbox 683 1237 790 1274; x_wconf 85' lang='lat' dir='ltr'><strong>nulla</strong></span> <span class='ocrx_word' id='word_1_114' title='bbox 817 1235 1009 1286; x_wconf 83' lang='lat' dir='ltr'>crepitant</span> <span class='ocrx_word' id='word_1_115' title='bbox 1023 1250 1034 1284; x_wconf 70' lang='lat'>5</span> <span class='ocrx_word' id='word_1_116' title='bbox 1068 1237 1228 1286; x_wconf 87' lang='lat' dir='ltr'><strong>quando</strong></span> <span class='ocrx_word' id='word_1_117' title='bbox 1255 1236 1413 1284; x_wconf 92' lang='lat' dir='ltr'><strong>essurio,</strong></span> <span class='ocrx_word' id='word_1_118' title='bbox 1437 1244 1519 1275; x_wconf 88' lang='lat' dir='ltr'><strong>tum</strong></span> 
     </span>
     <span class='ocr_line' id='line_1_18' title="bbox 1346 1309 1517 1352; baseline 0.006 -12"><span class='ocrx_word' id='word_1_119' title='bbox 1346 1309 1517 1352; x_wconf 85' lang='lat' dir='ltr'><strong>crepant.</strong></span> 
     </span>
     <span class='ocr_line' id='line_1_19' title="bbox 191 1367 1519 1418; baseline 0.002 -14"><span class='ocrx_word' id='word_1_120' title='bbox 191 1368 303 1405; x_wconf 77' lang='lat' dir='ltr'><strong>MED.</strong></span> <span class='ocrx_word' id='word_1_121' title='bbox 337 1368 412 1406; x_wconf 93' lang='lat' dir='ltr'><strong>hoc</strong></span> <span class='ocrx_word' id='word_1_122' title='bbox 433 1367 595 1418; x_wconf 86' lang='lat' dir='ltr'><strong>quidem</strong></span> <span class='ocrx_word' id='word_1_123' title='bbox 616 1368 759 1417; x_wconf 85' lang='lat' dir='ltr'><strong>edepol</strong></span> <span class='ocrx_word' id='word_1_124' title='bbox 780 1368 857 1405; x_wconf 83' lang='lat' dir='ltr'><strong>hau</strong></span> <span class='ocrx_word' id='word_1_125' title='bbox 878 1380 949 1417; x_wconf 92' lang='lat' dir='ltr'><strong>pro</strong></span> <span class='ocrx_word' id='word_1_126' title='bbox 979 1367 1117 1405; x_wconf 82' lang='lat' dir='ltr'><strong>insano</strong></span> <span class='ocrx_word' id='word_1_127' title='bbox 1133 1367 1297 1405; x_wconf 88' lang='lat' dir='ltr'><strong>uerbum</strong></span> <span class='ocrx_word' id='word_1_128' title='bbox 1318 1367 1519 1417; x_wconf 87' lang='lat' dir='ltr'><strong>respondit</strong></span> 
     </span>
     <span class='ocr_line' id='line_1_20' title="bbox 1409 1432 1514 1471; baseline 0.01 -1"><span class='ocrx_word' id='word_1_129' title='bbox 1409 1432 1514 1471; x_wconf 81' lang='lat' dir='ltr'><strong>mihi.</strong></span> 
     </span>
     <span class='ocr_line' id='line_1_21' title="bbox 190 1497 1464 1548; baseline -0.002 -11"><span class='ocrx_word' id='word_1_130' title='bbox 190 1497 474 1548; x_wconf 88' lang='lat' dir='ltr'><strong>perdormiscin</strong></span> <span class='ocrx_word' id='word_1_131' title='bbox 494 1511 620 1548; x_wconf 88' lang='lat' dir='ltr'><strong>usque</strong></span> <span class='ocrx_word' id='word_1_132' title='bbox 640 1498 692 1537; x_wconf 84' lang='lat' dir='ltr'><strong>ad</strong></span> <span class='ocrx_word' id='word_1_133' title='bbox 712 1498 872 1537; x_wconf 91' lang='lat' dir='ltr'><strong>lucem?</strong></span> <span class='ocrx_word' id='word_1_134' title='bbox 901 1497 1033 1536; x_wconf 84' lang='lat' dir='ltr'><strong>facilin</strong></span> <span class='ocrx_word' id='word_1_135' title='bbox 1054 1504 1096 1536; x_wconf 92' lang='lat' dir='ltr'><strong>tu</strong></span> <span class='ocrx_word' id='word_1_136' title='bbox 1117 1497 1265 1536; x_wconf 91' lang='lat' dir='ltr'><strong>dormis</strong></span> <span class='ocrx_word' id='word_1_137' title='bbox 1285 1497 1464 1536; x_wconf 83' lang='lat' dir='ltr'><strong>cubans?</strong></span> 
     </span>
     <span class='ocr_line' id='line_1_22' title="bbox 21 1562 1576 1614; baseline 0 -12"><span class='ocrx_word' id='word_1_138' title='bbox 21 1571 175 1611; x_wconf 74' lang='lat'><strong>‘929-30</strong></span> <span class='ocrx_word' id='word_1_139' title='bbox 192 1563 307 1602; x_wconf 81' lang='grc' dir='ltr'>ΜΕΝ.</span> <span class='ocrx_word' id='word_1_140' title='bbox 339 1563 619 1614; x_wconf 90' lang='lat' dir='ltr'><strong>perdormisco,</strong></span> <span class='ocrx_word' id='word_1_141' title='bbox 642 1562 674 1602; x_wconf 92' lang='lat' dir='ltr'><strong>si</strong></span> <span class='ocrx_word' id='word_1_142' title='bbox 694 1562 838 1602; x_wconf 88' lang='lat' dir='ltr'><strong>resolui</strong></span> <span class='ocrx_word' id='word_1_143' title='bbox 858 1562 1062 1613; x_wconf 48' lang='lat' dir='ltr'><strong>&amp;rgentum</strong></span> <span class='ocrx_word' id='word_1_144' title='bbox 1084 1562 1177 1613; x_wconf 90' lang='lat' dir='ltr'><strong>quoi</strong></span> <span class='ocrx_word' id='word_1_145' title='bbox 1198 1563 1377 1601; x_wconf 89' lang='lat' dir='ltr'><strong>debeo—</strong></span> <span class='ocrx_word' id='word_1_146' title='bbox 1535 1581 1576 1612; x_wconf 83' lang='lat'><strong>30</strong></span> 
     </span>
     <span class='ocr_line' id='line_1_23' title="bbox 38 1618 1340 1679; baseline -0.002 -11"><span class='ocrx_word' id='word_1_147' title='bbox 38 1641 154 1678; x_wconf 89' lang='lat'>931-3</span> <span class='ocrx_word' id='word_1_148' title='bbox 189 1627 257 1678; x_wconf 89' lang='lat' dir='ltr'><strong>qui</strong></span> <span class='ocrx_word' id='word_1_149' title='bbox 277 1635 316 1668; x_wconf 91' lang='lat' dir='ltr'><strong>te</strong></span> <span class='ocrx_word' id='word_1_150' title='bbox 336 1628 516 1679; x_wconf 89' lang='lat' dir='ltr'><strong>Iuppiter</strong></span> <span class='ocrx_word' id='word_1_151' title='bbox 535 1628 657 1679; x_wconf 86' lang='lat' dir='ltr'><strong>dique</strong></span> <span class='ocrx_word' id='word_1_152' title='bbox 676 1618 828 1676; x_wconf 84' lang='lat' dir='ltr'><strong>omnes,</strong></span> <span class='ocrx_word' id='word_1_153' title='bbox 850 1634 1111 1678; x_wconf 88' lang='lat' dir='ltr'><strong>percontator,</strong></span> <span class='ocrx_word' id='word_1_154' title='bbox 1134 1627 1317 1678; x_wconf 87' lang='lat' dir='ltr'><strong>perduint</strong></span> <span class='ocrx_word' id='word_1_155' title='bbox 1334 1630 1340 1665; x_wconf 89' lang='lat'>!</span> 
     </span>
     <span class='ocr_line' id='line_1_24' title="bbox 189 1691 1515 1744; baseline -0.002 -12"><span class='ocrx_word' id='word_1_156' title='bbox 189 1694 303 1732; x_wconf 82' lang='lat' dir='ltr'>MED.</span> <span class='ocrx_word' id='word_1_157' title='bbox 339 1707 446 1733; x_wconf 87' lang='lat' dir='ltr'><strong>nunc</strong></span> <span class='ocrx_word' id='word_1_158' title='bbox 476 1695 598 1733; x_wconf 90' lang='lat' dir='ltr'><strong>homo</strong></span> <span class='ocrx_word' id='word_1_159' title='bbox 628 1692 799 1732; x_wconf 84' lang='lat' dir='ltr'><strong>insanire</strong></span> <span class='ocrx_word' id='word_1_160' title='bbox 829 1699 1038 1744; x_wconf 84' lang='lat' dir='ltr'><strong>occeptat:</strong></span> <span class='ocrx_word' id='word_1_161' title='bbox 1076 1693 1127 1732; x_wconf 91' lang='lat' dir='ltr'><strong>de</strong></span> <span class='ocrx_word' id='word_1_162' title='bbox 1156 1691 1230 1731; x_wconf 90' lang='lat' dir='ltr'><strong>illis</strong></span> <span class='ocrx_word' id='word_1_163' title='bbox 1259 1691 1389 1731; x_wconf 90' lang='lat' dir='ltr'><strong>uerbis</strong></span> <span class='ocrx_word' id='word_1_164' title='bbox 1418 1706 1515 1731; x_wconf 85' lang='lat' dir='ltr'><strong>caue</strong></span> 
     </span>
     <span class='ocr_line' id='line_1_25' title="bbox 1431 1757 1513 1796; baseline 0 -1"><span class='ocrx_word' id='word_1_165' title='bbox 1431 1757 1513 1796; x_wconf 90' lang='lat' dir='ltr'><strong>tibi.</strong></span> 
     </span>
     <span class='ocr_line' id='line_1_26' title="bbox 98 1821 1513 1874; baseline -0.002 -11"><span class='ocrx_word' id='word_1_166' title='bbox 98 1834 165 1872; x_wconf 88' lang='grc'><strong>935</strong></span> <span class='ocrx_word' id='word_1_167' title='bbox 186 1824 250 1863; x_wconf 81' lang='lat' dir='ltr'><strong>SE.</strong></span> <span class='ocrx_word' id='word_1_168' title='bbox 282 1823 406 1863; x_wconf 90' lang='lat' dir='ltr'><strong>immo</strong></span> <span class='ocrx_word' id='word_1_169' title='bbox 427 1825 573 1864; x_wconf 88' lang='lat' dir='ltr'><strong>Nestor</strong></span> <span class='ocrx_word' id='word_1_170' title='bbox 593 1836 702 1863; x_wconf 89' lang='lat' dir='ltr'><strong>nunc</strong></span> <span class='ocrx_word' id='word_1_171' title='bbox 717 1822 882 1874; x_wconf 90' lang='lat' dir='ltr'><strong>quidem</strong></span> <span class='ocrx_word' id='word_1_172' title='bbox 899 1831 959 1862; x_wconf 89' lang='lat' dir='ltr'><strong>est</strong></span> <span class='ocrx_word' id='word_1_173' title='bbox 978 1824 1029 1863; x_wconf 91' lang='lat' dir='ltr'><strong>de</strong></span> <span class='ocrx_word' id='word_1_174' title='bbox 1050 1821 1191 1869; x_wconf 80' lang='lat' dir='ltr'><strong>uerbis,</strong></span> <span class='ocrx_word' id='word_1_175' title='bbox 1210 1830 1345 1872; x_wconf 84' lang='lat' dir='ltr'><strong>praeut</strong></span> <span class='ocrx_word' id='word_1_176' title='bbox 1361 1823 1513 1861; x_wconf 88' lang='lat' dir='ltr'><strong>dudum</strong></span> 
     </span>
     <span class='ocr_line' id='line_1_27' title="bbox 1419 1888 1514 1935; baseline 0.011 -10"><span class='ocrx_word' id='word_1_177' title='bbox 1419 1888 1489 1926; x_wconf 89' lang='lat' dir='ltr'><strong>fuit</strong></span> <span class='ocrx_word' id='word_1_178' title='bbox 1505 1903 1514 1935; x_wconf 84' lang='lat'>;</span> 
     </span>
     <span class='ocr_line' id='line_1_28' title="bbox 226 1991 1511 2035; baseline -0.003 -10"><span class='ocrx_word' id='word_1_179' title='bbox 226 2003 291 2034; x_wconf 90' lang='lat'><strong>915</strong></span> <span class='ocrx_word' id='word_1_180' title='bbox 313 1994 358 2025; x_wconf 81' lang='lat' dir='ltr'><strong>sic</strong></span> <span class='ocrx_word' id='word_1_181' title='bbox 380 1996 537 2035; x_wconf 82' lang='lat' dir='ltr'><strong>ascriptus</strong></span> <span class='ocrx_word' id='word_1_182' title='bbox 558 1994 594 2024; x_wconf 78' lang='lat' dir='ltr'><strong>in</strong></span> <span class='ocrx_word' id='word_1_183' title='bbox 611 1994 644 2024; x_wconf 90' lang='grc' dir='ltr'><em>Β</em></span> <span class='ocrx_word' id='word_1_184' title='bbox 661 2004 767 2024; x_wconf 84' lang='lat' dir='ltr'><strong>manu</strong></span> <span class='ocrx_word' id='word_1_185' title='bbox 786 1995 953 2024; x_wconf 78' lang='lat' dir='ltr'><strong>recentiore</strong></span> <span class='ocrx_word' id='word_1_186' title='bbox 969 1992 1016 2023; x_wconf 85' lang='lat' dir='ltr'><strong>ad</strong></span> <span class='ocrx_word' id='word_1_187' title='bbox 1031 1992 1235 2023; x_wconf 76' lang='lat' dir='ltr'><strong>Curculionis</strong></span> <span class='ocrx_word' id='word_1_188' title='bbox 1249 2002 1278 2023; x_wconf 87' lang='lat' dir='ltr'><strong>v.</strong></span> <span class='ocrx_word' id='word_1_189' title='bbox 1295 2001 1357 2030; x_wconf 83' lang='lat'><strong>242</strong></span> <span class='ocrx_word' id='word_1_190' title='bbox 1373 2003 1380 2022; x_wconf 74' lang='grc' dir='ltr'><strong><em>ι</em></strong></span> <span class='ocrx_word' id='word_1_191' title='bbox 1403 1991 1511 2022; x_wconf 89' lang='lat' dir='ltr'><strong>album</strong></span> 
     </span>
     <span class='ocr_line' id='line_1_29' title="bbox 182 2034 1511 2077; baseline -0.003 -8"><span class='ocrx_word' id='word_1_192' title='bbox 182 2047 226 2069; x_wconf 84' lang='lat' dir='ltr'><strong>an</strong></span> <span class='ocrx_word' id='word_1_193' title='bbox 243 2042 356 2069; x_wconf 88' lang='lat' dir='ltr'><strong>atrum</strong></span> <span class='ocrx_word' id='word_1_194' title='bbox 373 2037 487 2069; x_wconf 87' lang='lat' dir='ltr'><strong>uinum</strong></span> <span class='ocrx_word' id='word_1_195' title='bbox 505 2042 602 2077; x_wconf 78' lang='lat' dir='ltr'><strong>potas</strong></span> <span class='ocrx_word' id='word_1_196' title='bbox 620 2037 700 2077; x_wconf 87' lang='lat' dir='ltr'><strong>quid</strong></span> <span class='ocrx_word' id='word_1_197' title='bbox 724 2037 782 2068; x_wconf 85' lang='lat' dir='ltr'><strong>tibi</strong></span> <span class='ocrx_word' id='word_1_198' title='bbox 805 2037 940 2077; x_wconf 87' lang='lat' dir='ltr'><strong>quesito</strong></span> <span class='ocrx_word' id='word_1_199' title='bbox 957 2047 1043 2076; x_wconf 87' lang='lat' dir='ltr'><strong>opus</strong></span> <span class='ocrx_word' id='word_1_200' title='bbox 1065 2040 1117 2066; x_wconf 88' lang='lat' dir='ltr'><strong>est</strong></span> <span class='ocrx_word' id='word_1_201' title='bbox 1207 2034 1263 2066; x_wconf 75' lang='lat' dir='ltr'><strong>vix</strong></span> <span class='ocrx_word' id='word_1_202' title='bbox 1277 2036 1395 2075; x_wconf 67' lang='lat' dir='ltr'><strong>potas?</strong></span> <span class='ocrx_word' id='word_1_203' title='bbox 1422 2034 1511 2065; x_wconf 71' lang='grc' dir='ltr'><strong>ΜΕΝ.</strong></span> 
     </span>
     <span class='ocr_line' id='line_1_30' title="bbox 181 2078 1508 2123; baseline -0.003 -11"><span class='ocrx_word' id='word_1_204' title='bbox 181 2081 261 2121; x_wconf 89' lang='lat' dir='ltr'><strong>quid</strong></span> <span class='ocrx_word' id='word_1_205' title='bbox 279 2081 339 2112; x_wconf 84' lang='lat' dir='ltr'><strong>tibi</strong></span> <span class='ocrx_word' id='word_1_206' title='bbox 362 2082 518 2121; x_wconf 87' lang='lat' dir='ltr'><strong>quaesito</strong></span> <span class='ocrx_word' id='word_1_207' title='bbox 535 2087 637 2121; x_wconf 87' lang='lat' dir='ltr'><strong>opust</strong></span> <span class='ocrx_word' id='word_1_208' title='bbox 654 2079 801 2123; x_wconf 89' lang='lat' dir='ltr'><strong>(Album</strong></span> <span class='ocrx_word' id='word_1_209' title='bbox 817 2091 860 2111; x_wconf 89' lang='lat' dir='ltr'><strong>an</strong></span> <span class='ocrx_word' id='word_1_210' title='bbox 878 2085 986 2111; x_wconf 88' lang='lat' dir='ltr'><strong>atrum</strong></span> <span class='ocrx_word' id='word_1_211' title='bbox 1010 2079 1125 2110; x_wconf 89' lang='lat' dir='ltr'><strong>uinum</strong></span> <span class='ocrx_word' id='word_1_212' title='bbox 1144 2083 1256 2118; x_wconf 86' lang='lat' dir='ltr'><strong>potem</strong></span> <span class='ocrx_word' id='word_1_213' title='bbox 1271 2078 1303 2120; x_wconf 66' lang='lat'><strong>2)</strong></span> <span class='ocrx_word' id='word_1_214' title='bbox 1319 2078 1399 2118; x_wconf 88' lang='lat' dir='ltr'><strong>quin</strong></span> <span class='ocrx_word' id='word_1_215' title='bbox 1418 2082 1452 2108; x_wconf 88' lang='lat' dir='ltr'><strong>tu</strong></span> <span class='ocrx_word' id='word_1_216' title='bbox 1471 2079 1508 2117; x_wconf 85' lang='lat' dir='ltr'><strong>is,</strong></span> 
     </span>
     <span class='ocr_line' id='line_1_31' title="bbox 181 2122 1512 2164; baseline -0.005 -8"><span class='ocrx_word' id='word_1_217' title='bbox 181 2129 244 2156; x_wconf 87' lang='lat' dir='ltr'><strong>etc.</strong></span> <span class='ocrx_word' id='word_1_218' title='bbox 267 2124 328 2164; x_wconf 82' lang='lat' dir='ltr'><strong>(iii.</strong></span> <span class='ocrx_word' id='word_1_219' title='bbox 351 2126 407 2163; x_wconf 78' lang='grc' dir='ltr'><strong>ιι)</strong></span> <span class='ocrx_word' id='word_1_220' title='bbox 540 2126 606 2164; x_wconf 84' lang='lat'><strong>916</strong></span> <span class='ocrx_word' id='word_1_221' title='bbox 629 2129 770 2164; x_wconf 87' lang='lat' dir='ltr'><strong>occepta</strong></span> <span class='ocrx_word' id='word_1_222' title='bbox 787 2124 852 2154; x_wconf 88' lang='lat' dir='ltr'><strong>cod.</strong></span> <span class='ocrx_word' id='word_1_223' title='bbox 873 2126 966 2163; x_wconf 81' lang='lat' dir='ltr'><strong>(corr.</strong></span> <span class='ocrx_word' id='word_1_224' title='bbox 984 2122 1048 2162; x_wconf 71' lang='lat'><strong>3²)</strong></span> <span class='ocrx_word' id='word_1_225' title='bbox 1135 2126 1213 2162; x_wconf 83' lang='lat' dir='ltr'><strong>post</strong></span> <span class='ocrx_word' id='word_1_226' title='bbox 1231 2122 1409 2162; x_wconf 87' lang='lat' dir='ltr'><strong>primulum</strong></span> <span class='ocrx_word' id='word_1_227' title='bbox 1425 2122 1512 2151; x_wconf 86' lang='lat' dir='ltr'><em>lacu-</em></span> 
     </span>
     <span class='ocr_line' id='line_1_32' title="bbox 181 2164 1508 2210; baseline -0.003 -12"><span class='ocrx_word' id='word_1_228' title='bbox 181 2178 263 2199; x_wconf 86' lang='lat' dir='ltr'><strong>nam</strong></span> <span class='ocrx_word' id='word_1_229' title='bbox 279 2168 367 2209; x_wconf 51' lang='lat' dir='ltr'><strong>stssgn.</strong></span> <span class='ocrx_word' id='word_1_230' title='bbox 386 2167 521 2207; x_wconf 80' lang='lat' dir='ltr'><strong>Vahlen,</strong></span> <span class='ocrx_word' id='word_1_231' title='bbox 540 2167 668 2200; x_wconf 79' lang='lat' dir='ltr'><strong>Schoell</strong></span> <span class='ocrx_word' id='word_1_232' title='bbox 683 2167 736 2210; x_wconf 61' lang='lat' dir='ltr'><em>(gf.</em></span> <span class='ocrx_word' id='word_1_233' title='bbox 758 2167 806 2199; x_wconf 88' lang='lat' dir='ltr'><strong>ad</strong></span> <span class='ocrx_word' id='word_1_234' title='bbox 819 2178 846 2199; x_wconf 88' lang='lat' dir='ltr'><strong>v.</strong></span> <span class='ocrx_word' id='word_1_235' title='bbox 866 2168 946 2207; x_wconf 83' lang='lat'><strong>915)</strong></span> <span class='ocrx_word' id='word_1_236' title='bbox 1047 2170 1082 2197; x_wconf 90' lang='lat' dir='ltr'><strong>tu</strong></span> <span class='ocrx_word' id='word_1_237' title='bbox 1100 2164 1274 2196; x_wconf 76' lang='lat' dir='ltr'><strong>del.Botl1e</strong></span> <span class='ocrx_word' id='word_1_238' title='bbox 1291 2165 1346 2206; x_wconf 79' lang='lat' dir='ltr'><strong>(ex</strong></span> <span class='ocrx_word' id='word_1_239' title='bbox 1359 2175 1387 2197; x_wconf 86' lang='lat' dir='ltr'><strong>v.</strong></span> <span class='ocrx_word' id='word_1_240' title='bbox 1409 2175 1471 2204; x_wconf 85' lang='lat'><strong>915</strong></span> <span class='ocrx_word' id='word_1_241' title='bbox 1483 2167 1508 2196; x_wconf 62' lang='grc' dir='ltr'><strong>’,Η</strong></span> 
     </span>
     <span class='ocr_line' id='line_1_33' title="bbox 180 2208 1507 2252; baseline -0.004 -9"><span class='ocrx_word' id='word_1_242' title='bbox 180 2212 246 2250; x_wconf 88' lang='lat'><strong>918</strong></span> <span class='ocrx_word' id='word_1_243' title='bbox 267 2222 467 2252; x_wconf 86' lang='lat' dir='ltr'><strong>quamossas</strong></span> <span class='ocrx_word' id='word_1_244' title='bbox 496 2210 565 2243; x_wconf 88' lang='lat' dir='ltr'><strong>cod.</strong></span> <span class='ocrx_word' id='word_1_245' title='bbox 716 2221 846 2251; x_wconf 82' lang='lat'>919—20</span> <span class='ocrx_word' id='word_1_246' title='bbox 870 2211 987 2241; x_wconf 88' lang='lat' dir='ltr'><strong>auditu</strong></span> <span class='ocrx_word' id='word_1_247' title='bbox 1015 2208 1081 2240; x_wconf 87' lang='lat' dir='ltr'><strong>cod.</strong></span> <span class='ocrx_word' id='word_1_248' title='bbox 1116 2208 1210 2250; x_wconf 84' lang='lat' dir='ltr'><strong>(corr.</strong></span> <span class='ocrx_word' id='word_1_249' title='bbox 1239 2208 1304 2249; x_wconf 73' lang='lat'><strong>3²)</strong></span> <span class='ocrx_word' id='word_1_250' title='bbox 1448 2217 1507 2246; x_wconf 82' lang='lat'><strong>921</strong></span> 
     </span>
     <span class='ocr_line' id='line_1_34' title="bbox 181 2250 1508 2295; baseline -0.003 -9"><span class='ocrx_word' id='word_1_251' title='bbox 181 2255 322 2286; x_wconf 84' lang='lat' dir='ltr'><strong>uesania</strong></span> <span class='ocrx_word' id='word_1_252' title='bbox 337 2255 440 2286; x_wconf 81' lang='lat' dir='ltr'><strong>Bothe</strong></span> <span class='ocrx_word' id='word_1_253' title='bbox 457 2255 510 2295; x_wconf 59' lang='grc' dir='ltr'><strong>(σή</strong></span> <span class='ocrx_word' id='word_1_254' title='bbox 523 2265 554 2286; x_wconf 81' lang='lat' dir='ltr'><strong>v.</strong></span> <span class='ocrx_word' id='word_1_255' title='bbox 571 2254 664 2295; x_wconf 81' lang='lat'><em>878),</em></span> <span class='ocrx_word' id='word_1_256' title='bbox 688 2255 740 2286; x_wconf 85' lang='lat' dir='ltr'><strong>cui</strong></span> <span class='ocrx_word' id='word_1_257' title='bbox 760 2255 901 2294; x_wconf 69' lang='lat' dir='ltr'><strong>percipit</strong></span> <span class='ocrx_word' id='word_1_258' title='bbox 917 2253 1056 2294; x_wconf 80' lang='lat' dir='ltr'><strong>displicet</strong></span> <span class='ocrx_word' id='word_1_259' title='bbox 1236 2262 1301 2291; x_wconf 82' lang='lat'><strong>922</strong></span> <span class='ocrx_word' id='word_1_260' title='bbox 1323 2250 1404 2291; x_wconf 75' lang='lat' dir='ltr'><strong>alia]</strong></span> <span class='ocrx_word' id='word_1_261' title='bbox 1422 2251 1508 2282; x_wconf 84' lang='lat' dir='ltr'><strong>heiia</strong></span> 
     </span>
     <span class='ocr_line' id='line_1_35' title="bbox 180 2294 1506 2340; baseline -0.005 -10"><span class='ocrx_word' id='word_1_262' title='bbox 180 2298 309 2330; x_wconf 81' lang='lat' dir='ltr'><strong>Schoell</strong></span> <span class='ocrx_word' id='word_1_263' title='bbox 381 2298 455 2340; x_wconf 59' lang='lat' dir='ltr'><strong>Sa]</strong></span> <span class='ocrx_word' id='word_1_264' title='bbox 473 2299 566 2330; x_wconf 79' lang='grc' dir='ltr'><strong>ΜΕΝ.</strong></span> <span class='ocrx_word' id='word_1_265' title='bbox 579 2299 639 2330; x_wconf 80' lang='lat' dir='ltr'><em>alii</em></span> <span class='ocrx_word' id='word_1_266' title='bbox 717 2299 846 2338; x_wconf 87' lang='lat' dir='ltr'><strong>occipis</strong></span> <span class='ocrx_word' id='word_1_267' title='bbox 857 2296 908 2328; x_wconf 81' lang='grc' dir='ltr'><strong>Β2</strong></span> <span class='ocrx_word' id='word_1_268' title='bbox 991 2296 1145 2327; x_wconf 81' lang='lat' dir='ltr'><strong>sabulans</strong></span> <span class='ocrx_word' id='word_1_269' title='bbox 1155 2295 1345 2327; x_wconf 84' lang='lat' dir='ltr'><strong>Acidalius:</strong></span> <span class='ocrx_word' id='word_1_270' title='bbox 1364 2294 1506 2325; x_wconf 81' lang='lat' dir='ltr'><strong>fabulam</strong></span> 
     </span>
     <span class='ocr_line' id='line_1_36' title="bbox 181 2339 1507 2383; baseline -0.005 -10"><span class='ocrx_word' id='word_1_271' title='bbox 181 2341 242 2383; x_wconf 88' lang='grc' dir='ltr'><strong>(Β)</strong></span> <span class='ocrx_word' id='word_1_272' title='bbox 267 2341 317 2373; x_wconf 87' lang='lat' dir='ltr'><strong>vel</strong></span> <span class='ocrx_word' id='word_1_273' title='bbox 338 2342 436 2373; x_wconf 86' lang='lat' dir='ltr'><strong>salam</strong></span> <span class='ocrx_word' id='word_1_274' title='bbox 454 2341 565 2382; x_wconf 59' lang='grc' dir='ltr'><strong>(ΡΨ)</strong></span> <span class='ocrx_word' id='word_1_275' title='bbox 581 2341 646 2373; x_wconf 85' lang='lat' dir='ltr'><strong>cod.</strong></span> <span class='ocrx_word' id='word_1_276' title='bbox 738 2352 802 2381; x_wconf 88' lang='lat'><strong>925</strong></span> <span class='ocrx_word' id='word_1_277' title='bbox 827 2341 917 2372; x_wconf 87' lang='lat' dir='ltr'><strong>mehi</strong></span> <span class='ocrx_word' id='word_1_278' title='bbox 934 2340 1021 2372; x_wconf 87' lang='lat' dir='ltr'><strong>codd.</strong></span> <span class='ocrx_word' id='word_1_279' title='bbox 1044 2340 1196 2381; x_wconf 80' lang='lat' dir='ltr'><strong>(antiqua</strong></span> <span class='ocrx_word' id='word_1_280' title='bbox 1202 2339 1319 2379; x_wconf 81' lang='lat' dir='ltr'><strong>forma</strong></span> <span class='ocrx_word' id='word_1_281' title='bbox 1329 2339 1356 2379; x_wconf 67' lang='grc'><strong>’.1)</strong></span> <span class='ocrx_word' id='word_1_282' title='bbox 1443 2339 1507 2376; x_wconf 88' lang='lat'><strong>926</strong></span> 
     </span>
     <span class='ocr_line' id='line_1_37' title="bbox 180 2382 1504 2426; baseline -0.005 -10"><span class='ocrx_word' id='word_1_283' title='bbox 180 2389 260 2419; x_wconf 85' lang='lat' dir='ltr'><strong>tunc</strong></span> <span class='ocrx_word' id='word_1_284' title='bbox 275 2384 364 2417; x_wconf 89' lang='lat' dir='ltr'><strong>codd.</strong></span> <span class='ocrx_word' id='word_1_285' title='bbox 378 2385 482 2416; x_wconf 79' lang='lat' dir='ltr'><em>Nonii</em></span> <span class='ocrx_word' id='word_1_286' title='bbox 494 2394 558 2426; x_wconf 85' lang='lat'><strong>255</strong></span> <span class='ocrx_word' id='word_1_287' title='bbox 667 2387 731 2424; x_wconf 87' lang='lat'><strong>928</strong></span> <span class='ocrx_word' id='word_1_288' title='bbox 756 2384 1066 2425; x_wconf 85' lang='lat' dir='ltr'><strong>perdormiscanius</strong></span> <span class='ocrx_word' id='word_1_289' title='bbox 1082 2393 1148 2423; x_wconf 89' lang='lat' dir='ltr'><strong>que</strong></span> <span class='ocrx_word' id='word_1_290' title='bbox 1164 2382 1229 2413; x_wconf 86' lang='lat' dir='ltr'><strong>cod.</strong></span> <span class='ocrx_word' id='word_1_291' title='bbox 1246 2383 1318 2423; x_wconf 79' lang='lat' dir='ltr'><strong>(pro</strong></span> <span class='ocrx_word' id='word_1_292' title='bbox 1335 2391 1410 2412; x_wconf 87' lang='lat' dir='ltr'><strong>-can</strong></span> <span class='ocrx_word' id='word_1_293' title='bbox 1428 2391 1504 2411; x_wconf 80' lang='lat' dir='ltr'><strong>corr.</strong></span> 
     </span>
    </p>
   </div>
   <div class='ocr_carea' id='block_1_3' title="bbox 180 2423 1502 2513">
    <p class='ocr_par' dir='ltr' id='par_1_3' title="bbox 180 2423 1502 2513">
     <span class='ocr_line' id='line_1_38' title="bbox 180 2423 1502 2469; baseline -0.005 -9"><span class='ocrx_word' id='word_1_294' title='bbox 180 2429 249 2460; x_wconf 89' lang='lat' dir='ltr'><strong>-cin</strong></span> <span class='ocrx_word' id='word_1_295' title='bbox 264 2434 420 2469; x_wconf 80' lang='lat' dir='ltr'><strong>superscr.</strong></span> <span class='ocrx_word' id='word_1_296' title='bbox 440 2429 464 2466; x_wconf 81' lang='lat' dir='ltr'><strong>i)</strong></span> <span class='ocrx_word' id='word_1_297' title='bbox 555 2429 726 2459; x_wconf 90' lang='lat' dir='ltr'><strong>obdormis</strong></span> <span class='ocrx_word' id='word_1_298' title='bbox 737 2428 863 2459; x_wconf 67' lang='lat' dir='ltr'><strong>Ritsclael</strong></span> <span class='ocrx_word' id='word_1_299' title='bbox 948 2428 1074 2458; x_wconf 86' lang='lat' dir='ltr'><strong>cubans</strong></span> <span class='ocrx_word' id='word_1_300' title='bbox 1084 2425 1275 2456; x_wconf 77' lang='lat' dir='ltr'><strong>Acidalius:</strong></span> <span class='ocrx_word' id='word_1_301' title='bbox 1301 2435 1421 2455; x_wconf 83' lang='lat' dir='ltr'><strong>curans</strong></span> <span class='ocrx_word' id='word_1_302' title='bbox 1436 2423 1502 2454; x_wconf 85' lang='lat' dir='ltr'><strong>cod.</strong></span> 
     </span>
     <span class='ocr_line' id='line_1_39' title="bbox 180 2466 1500 2513; baseline -0.006 -10"><span class='ocrx_word' id='word_1_303' title='bbox 180 2471 365 2513; x_wconf 80' lang='lat' dir='ltr'><strong>(RproB3</strong></span> <span class='ocrx_word' id='word_1_304' title='bbox 390 2473 430 2503; x_wconf 88' lang='lat' dir='ltr'><strong>vi.</strong></span> <span class='ocrx_word' id='word_1_305' title='bbox 455 2474 485 2513; x_wconf 77' lang='grc' dir='ltr'><strong>ι)</strong></span> <span class='ocrx_word' id='word_1_306' title='bbox 576 2483 708 2511; x_wconf 18' lang='grc'>929730</span> <span class='ocrx_word' id='word_1_307' title='bbox 731 2472 779 2502; x_wconf 70' lang='lat' dir='ltr'><strong>vel</strong></span> <span class='ocrx_word' id='word_1_308' title='bbox 793 2471 881 2510; x_wconf 78' lang='lat' dir='ltr'><strong>quoii</strong></span> <span class='ocrx_word' id='word_1_309' title='bbox 982 2480 1046 2509; x_wconf 87' lang='lat'><strong>933</strong></span> <span class='ocrx_word' id='word_1_310' title='bbox 1071 2470 1215 2508; x_wconf 73' lang='lat' dir='ltr'><strong>perdunt</strong></span> <span class='ocrx_word' id='word_1_311' title='bbox 1237 2468 1301 2498; x_wconf 85' lang='lat' dir='ltr'><strong>cod.</strong></span> <span class='ocrx_word' id='word_1_312' title='bbox 1324 2470 1414 2498; x_wconf 72' lang='lat' dir='ltr'><strong>‘&#39;corr.</strong></span> <span class='ocrx_word' id='word_1_313' title='bbox 1437 2466 1500 2500; x_wconf 65' lang='lat'><strong>132¹)</strong></span> 
     </span>
    </p>
   </div>
  </div>
 </body>
</html>
