1737 2765
750 143 1102 182 MENAECHMI
1559 153 1585 188 l.
1610 152 1652 191 iii

263 254 379 292 ΜΕΝ.
411 252 502 291 iube
523 252 638 303 igitur
658 251 772 290 tribu’
793 252 908 290 nobis
928 254 1035 303 apud
1056 262 1092 293 te
1114 257 1320 304 prandium
1343 260 1555 298 accurarier
1612 280 1648 310 ²5

258 325 377 368 atque
397 317 546 368 aliquid
567 316 889 355 scitamentorum
911 318 961 355 de
982 319 1066 356 soro
1086 320 1322 369 opsonaricr‚

172 397 242 423 210
259 381 556 433 glandionidam
578 381 744 428 suillam,
768 381 933 420 laridum
956 383 1227 433 pernonidam,

259 454 327 485 aut
347 446 663 496 sincipitamenta
685 446 845 496 porcina
864 454 932 484 aut
951 447 1100 497 aliquid
1121 449 1170 486 ad
1192 463 1282 487 eum
1306 452 1479 498 modum,

261 511 420 550 madida
440 524 542 561 quae
563 510 615 548 mi
635 510 817 560 adposita
838 510 876 548 in
899 524 1075 549 mensam
1098 512 1300 552 miluinam
1322 525 1525 565 suggerant
1545 532 1551 557 :

258 584 379 627 atque
410 583 600 614 actutum.
680 577 753 614 ER.
786 575 875 614 licet
910 584 1071 615 ecastor.
1133 579 1247 616 ΜΕΝ.
1280 592 1351 617 nos
1387 581 1587 630 prodimus
1608 598 1648 628 30

1376 646 1426 682 ad
1449 646 1584 684 forum.

259 707 336 746 iam
357 707 422 746 hic
442 719 514 746 nos
535 705 703 744 erimus:
733 707 829 744 dum
851 714 1052 756 coquetur,
1077 706 1229 745 interim
1253 708 1488 757 potabimus.

170 783 236 820 215
259 773 335 811 ER.
366 772 528 822 quando
545 771 604 810 uis
625 770 727 818 ueni,
747 778 879 820 parata
896 784 955 810 res
975 771 1056 810 erit.
1122 773 1236 810 ΜΕΝ.
1269 787 1433 824 propera
1454 777 1583 813 modo.

257 850 421 888 sequere
437 839 619 875 tu.——P1‹:.
643 850 716 888 ego
737 838 867 875 hercle
887 850 981 875 uero
1002 845 1039 876 te
1060 845 1098 876 et
1118 839 1285 877 seruabo
1305 847 1343 877 et
1364 847 1401 878 te
1421 853 1573 890 sequar,

257 915 387 952 neque
407 901 527 940 hodie
548 909 590 940 ut
611 909 649 940 te
669 902 831 952 perdam
854 914 1023 940 meream
1046 903 1211 941 deorum
1233 903 1388 942 diuitias
1410 904 1572 943 mihi.—

258 968 332 1006 ΕΚ.
364 973 528 1005 euocate
549 965 654 1004 intus
675 965 910 1005 Culindrum
933 965 1028 1004 mihi
1050 980 1221 1017 coquom
1242 975 1417 1006 actutum
1440 970 1550 1008 foras.
1604 984 1640 1014 35

572 1079 833 1116 ERo‘rrvm
946 1077 1276 1116 CleNDRvs
1602 1081 1648 1118 iv

257 1161 332 1198 ER.
365 1161 589 1211 Sportulam
612 1172 709 1210 cape
738 1167 857 1209 atque
886 1166 1102 1209 argentum.
1157 1161 1272 1199 eccos
1303 1160 1368 1199 tris
1399 1175 1582 1200 nummos

522 1224 575 1232 X*
1448 1226 1580 1264 habes.

167 1306 236 1332 220
254 1291 326 1331 (ΣΥ.
359 1290 499 1329 habeo.v
580 1291 653 1328 ER.
693 1289 758 1328 abi
787 1296 906 1340 atque
935 1288 1145 1340 opsonium
1175 1290 1285 1329 adfer
1302 1305 1312 1337 3
1349 1290 1462 1329 tribu’
1491 1290 1583 1330 uide

1268 1357 1376 1405 quod
1397 1355 1445 1393 sit
1465 1355 1581 1395 satis:

253 1433 383 1472 neque
402 1421 522 1460 defiat
543 1433 673 1471 neque
700 1419 877 1471 supersit.
937 1420 1008 1460 Cv.
1041 1419 1294 1470 quoiusmodi
1316 1420 1378 1459 hic
1399 1420 1579 1460 homines

1440 1493 1551 1523 erunt
1564 1487 1580 1524 ?

253 1552 328 1590 ER.
360 1564 434 1602 ego
463 1558 502 1590 et
533 1552 822 1590 Menaechmus
853 1557 892 1589 et
922 1549 1113 1600 parasitus
1142 1549 1249 1588 eiius.
1309 1550 1380 1589 Cv.
1413 1549 1489 1588 iam
1516 1550 1577 1588 isti

1305 1622 1395 1653 sunt
1415 1616 1551 1654 decem
1568 1630 1577 1663 3

249 1695 341 1721 nam
361 1682 552 1733 parasitus
572 1690 664 1721 octo
690 1681 694 1733 Ι
721 1681 928 1721 hominum
950 1695 1094 1720 munus
1110 1681 1222 1720 facile
1242 1680 1422 1731 fungitur.

250 1749 325 1786 ER.
356 1749 512 1787 elocuta
531 1761 619 1786 sum
639 1746 843 1794 conuiuas,
863 1755 1038 1786 ceterum
1059 1759 1160 1785 cura.
1220 1746 1290 1786 (ΞΥ.
1322 1744 1423 1784 licet.

161 1826 226 1863 225
248 1819 362 1852 cocta
390 1820 492 1860 sunt,
524 1811 617 1852 iube
645 1811 700 1851 ire
728 1811 967 1851 accubitum.
1028 1813 1102 1850 ER.
1136 1810 1217 1850 redi
1247 1809 1335 1849 cito.
1396 1810 1467 1849 Cv.
1499 1809 1574 1848 iam

1265 1888 1339 1926 ego
1358 1873 1422 1913 hic
1442 1887 1574 1914 ero.—

290 1991 356 2013 210
379 1980 470 2023 [aut]
489 1981 712 2021 pernonidam
728 1980 763 2011 A
877 1990 939 2012 212
962 1990 1140 2020 suggeram
1159 1979 1191 2009 A
1307 1987 1369 2016 214
1393 1977 1573 2017 quoquitur

247 2025 280 2056 P
292 2025 408 2066 etfori.
425 2024 458 2055 A
579 2025 644 2055 216
668 2029 703 2056 tu
720 2023 795 2067 (me
835 2022 1024 2055 Lambinus
1120 2028 1154 2055 et
1165 2026 1282 2064 poster.
1307 2032 1372 2052 om.
1390 2021 1436 2060 A,
1456 2025 1492 2050 u!
1504 2020 1567 2052 vid.

246 2069 311 2099 218
334 2078 504 2109 quoquom
520 2067 555 2099 A
574 2079 582 2100 ι
604 2079 778 2109 quoquum
914 2077 979 2108 219
995 2068 1079 2099 treis
1094 2067 1128 2097 A
1219 2076 1278 2096 221
1305 2065 1355 2096 vel
1369 2064 1400 2095 hi
1418 2064 1467 2094 vel
1481 2064 1570 2094 hisce

246 2122 310 2152 223
333 2122 456 2143 munus
482 2111 524 2150 P,
553 2111 641 2144 codd.
670 2111 777 2143 Nonii
804 2122 890 2151 497:
924 2121 1014 2142 nunc
1039 2111 1097 2141 A:
1131 2109 1262 2152 (unus)
1287 2118 1410 2140 munus
1437 2106 1573 2138 Mueller

181 2165 189 2167 ·
247 2155 378 2192 (Rhein.
402 2154 492 2187 Mus.
512 2164 567 2196 54,
583 2156 679 2198 391):
703 2165 793 2187 nunc
810 2165 934 2185 munus
949 2155 1009 2185 alii
1102 2164 1165 2194 224
1190 2154 1300 2185 curari
1326 2151 1358 2182 A
1386 2152 1481 2192 (3pro
1492 2160 1569 2182 cura

244 2198 324 2242 (ΣΥ.)
400 2199 482 2231 ticet
498 2199 532 2230 P
545 2199 641 2241 (corr.
658 2199 719 2240 3²)
740 2198 783 2242 (T
792 2203 856 2240 pro
874 2198 920 2236 L;
943 2198 987 2229 vi.
1008 2197 1040 2238 1)
