1737 2765
50 158 151 196 IV.i
551 155 599 192 T.
631 153 812 193 MACCI
845 151 1047 190 PLAVTI

624 304 859 392 ACTVS
910 343 981 390 IV

16 449 122 488 IV.i
450 446 733 483 MATRONA
843 444 1164 481 PEN1chvs

140 535 226 572 ΜΑ.
257 535 394 585 Egone
415 534 478 573 hic
500 547 563 572 me
583 532 707 584 patiar
726 533 865 570 frustra
884 531 923 570 in
945 528 1208 575 matrimonio,

139 599 205 638 ubi
227 599 285 637 uir
305 599 492 649 compilet
513 599 736 637 clanculum
757 596 952 647 quidquid
973 594 1119 635 domist
1492 596 1558 641 560

137 672 256 714 atque
276 677 322 702 ea
341 665 392 702 ad
412 663 581 702 amicam
602 663 781 701 deferat?
839 663 906 699 PE.
939 660 1034 710 quin
1056 668 1096 698 tu
1118 660 1256 697 taces?

139 730 360 767 manufesto
382 729 469 766 faxo
490 727 566 765 iam
588 726 810 777 opprimes:
843 739 1005 776 sequere
1022 726 1098 763 hac
1118 725 1252 762 modo.

99 805 117 838 5
138 794 281 844 pallam
301 794 352 832 ad
373 792 631 843 phrygionem
652 805 742 830 cum
765 804 912 829 corona
938 790 941 841 Ι
967 788 1097 828 ebrius

136 858 284 897 ferebat
304 857 423 896 hodie
444 856 514 895 tibi
535 870 653 907 quarn
676 855 873 906 surrupuit
893 856 1024 893 domo.

137 924 207 961 sed
228 922 362 961 eccam
383 935 570 961 coronam
592 921 710 971 quam
732 920 879 958 habuit.
931 932 1034 956 num
1056 917 1255 956 mentior?
1493 925 1555 969 565

135 1001 197 1026 em
220 988 294 1025 hac
313 986 420 1033 abiit,
443 986 475 1025 si
499 985 557 1024 uis
579 984 760 1036 persequi
782 984 964 1035 uestigiis.

136 1060 255 1103 atque
275 1053 417 1102 edepol
438 1065 576 1090 eccum
599 1052 762 1101 optume
784 1049 991 1088 reuortitur
1004 1064 1014 1097 3

81 1131 118 1153 ιο
137 1118 207 1156 sed
228 1118 370 1167 pallam
392 1130 473 1156 non
494 1118 575 1154 fert.
637 1117 721 1153 MA.
755 1114 850 1164 quid
872 1127 945 1164 ego
964 1126 1071 1151 nunc
1091 1126 1182 1152 cum
1204 1112 1295 1151 illoc
1314 1113 1459 1163 agam?

138 1183 206 1220 PE.
238 1181 343 1220 idem
365 1182 474 1231 quod
495 1194 672 1230 semper:
705 1180 806 1217 male
828 1179 974 1217 habeas
990 1192 1000 1225 ;
1028 1177 1083 1216 sic
1103 1190 1258 1216 censeo.

136 1248 214 1285 huc
234 1247 501 1285 concedamus
518 1260 524 1283 :
555 1258 601 1283 ex
622 1243 797 1282 insidieis
816 1256 980 1294 aucupa.
1489 1256 1558 1293 570

87 1362 118 1399 ii
164 1356 613 1395 MENAECHMvsI
727 1355 1047 1392 PENICVLvs
1159 1353 1441 1390 MATRONA

190 1440 305 1477 MEN.
337 1439 390 1476 Vt
411 1439 487 1476 hoc
507 1437 654 1475 utimur
674 1449 856 1474 maxume
881 1448 990 1473 more
1010 1447 1132 1487 moro,

188 1504 356 1542 molesto
375 1511 494 1553 atque
514 1503 639 1540 multo
659 1509 778 1551 atque
798 1500 854 1538 uti
875 1488 1030 1550 quique!
1042 1507 1134 1538 sunt
1162 1513 1228 1550 op-

187 1567 300 1607 -tumi
320 1580 502 1606 maxume
522 1579 672 1605 morem
693 1566 840 1603 habent
861 1565 990 1602 hunc!

188 1632 350 1671 clientes
371 1631 446 1670 sibi
466 1644 606 1671 omnes
626 1632 766 1669 uolunt
786 1643 872 1668 esse
892 1630 1061 1667 multos:

95 1711 112 1742 5
188 1697 336 1736 bonine
351 1710 401 1735 an
422 1696 513 1735 mali
534 1695 621 1744 sint,
645 1695 686 1734 id
706 1696 784 1733 hau
805 1694 1026 1745 quaeritant
1040 1708 1050 1742 3
1078 1707 1138 1732 res
1488 1704 1554 1742 575

188 1762 310 1812 magis
331 1761 528 1816 quaeritur
549 1774 668 1811 quam
690 1759 879 1799 clientum
901 1760 1000 1798 fides

293 1826 435 1877 quoius
457 1825 566 1865 modi
586 1827 725 1881 c‘lueat.

187 1892 219 1930 si
241 1891 297 1931 est
317 1905 466 1942 pauper
485 1898 603 1941 atque
625 1879 702 1928 hau
725 1891 850 1928 malus
871 1903 1041 1941 nequam
1063 1890 1240 1936 habetur,

189 1956 248 1996 sin
269 1956 380 1996 diues
401 1957 555 2003 malust‚
578 1955 610 1994 is
631 1955 753 1994 cliens
774 1955 875 2005 frugi
892 1955 1069 1994 habetur.

79 2036 116 2057 10
135 2021 203 2072 qui
222 2035 296 2061 nec
316 2023 420 2072 leges
442 2034 571 2071 neque
591 2033 761 2071 aequom
783 2020 934 2059 bonum
956 2033 1123 2070 usquam
1143 2021 1291 2068 colunt,
1488 2024 1557 2070 580

178 2134 242 2164 559
265 2124 376 2155 daciar
396 2125 521 2164 (paciar
539 2124 599 2164 ΒΨ)
619 2124 652 2154 P
754 2123 892 2155 frustrat
910 2123 942 2153 A
960 2135 966 2154 :
992 2134 1057 2155 om.
1078 2123 1111 2153 P
1197 2125 1261 2162 560
1285 2122 1468 2163 concipilet

136 2167 334 2199 Goldlmcher
347 2167 466 2209 (W‘en.
483 2167 579 2199 stud.
599 2179 646 2208 19,
665 2178 675 2197 1
686 2169 737 2208 17)
869 2168 999 2206 561—72
1016 2167 1141 2208 priores
1152 2170 1418 2214 pmcn-:atae
1432 2166 1465 2197 A

133 2213 195 2251 561
232 2222 272 2242 ea
303 2222 368 2242 om.
401 2212 435 2242 P
573 2214 637 2251 563
662 2211 886 2251 phydrionem
919 2210 980 2250 (Β)
1014 2211 1064 2242 vel
1089 2211 1267 2242 fridionem
1301 2209 1404 2251 (PCD)
1437 2210 1471 2241 P

132 2265 289 2286 coronam
305 2254 391 2295 PU),
411 2256 443 2286 A
464 2266 495 2286 n.
515 2255 535 2286 l.
686 2256 751 2295 569
775 2255 899 2285 habeat
922 2253 984 2292 132,
1011 2254 1044 2284 A
1065 2266 1096 2286 n.
1116 2254 1134 2286 I.
1284 2264 1346 2293 571
1373 2264 1466 2285 more

134 2309 263 2329 morum
274 2298 316 2338 P,
328 2299 360 2329 A
380 2310 415 2330 n.
432 2299 451 2330 I.
474 2310 482 2329 ι
501 2310 581 2329 corr.
604 2298 736 2339 Lipsius
824 2308 887 2338 572
904 2299 1115 2338 molestoque
1132 2297 1274 2329 multum
1291 2297 1325 2328 P
1402 2308 1465 2338 573

133 2342 183 2373 vel
207 2342 347 2383 Optumi
376 2345 458 2383 (eret.
484 2341 565 2373 dim.
595 2352 670 2372 cum
697 2341 796 2373 troclz.
829 2342 992 2382 monem.)
1126 2351 1283 2373 maxume
1309 2339 1466 2372 Lomem:

134 2387 280 2416 maxumi
304 2386 357 2418 P:
382 2386 550 2426 (rmaximi
573 2385 605 2416 A
633 2386 666 2426 (i.
686 2386 723 2425 9)
813 2388 819 2399 ’
856 2385 942 2427 hunc
968 2385 1121 2426 habefflt)
1145 2384 1358 2427 m(u)liomor
1373 2403 1415 2408 —
1432 2384 1465 2415 A

134 2431 198 2469 576
223 2430 293 2461 Res
304 2440 346 2461 m.
362 2430 395 2459 A
408 2433 447 2468 et,
460 2433 498 2460 ut
506 2427 583 2469 vid„
596 2428 630 2459 P
640 2430 724 2469 (eret.
739 2430 887 2469 tetram.)
977 2430 1041 2469 578
1058 2439 1095 2460 es
1107 2429 1139 2459 A
1231 2429 1377 2468 579—84⁸
1401 2438 1466 2459 non

136 2473 240 2504 multa
259 2474 411 2514 leguntur
425 2473 458 2503 A
607 2473 682 2511 580,
703 2474 761 2510 581
789 2483 857 2502 uno
872 2483 965 2504 versu
982 2473 1131 2513 bipertito
1147 2472 1179 2502 A
1205 2473 1266 2514 (an
1283 2470 1338 2515 (i)
1355 2470 1425 2502 soli.
1440 2472 1464 2511 ’.ἐξ
