1737 2765
70 155 123 192 II.
145 154 175 191 ii
551 155 597 191 T.
632 154 811 193 ΜΑΟΟΙ
847 154 1049 191 PLAVTI

145 266 214 304 sed
235 267 373 303 eccum
397 266 705 303 Menaechmum
728 264 857 303 uideo.
917 278 990 303 uae
1011 272 1118 314 tergo
1140 266 1254 303 meo!
1492 273 1559 313 275

145 329 250 380 prius
270 330 347 368 iam
368 330 560 368 conuiuae
580 330 785 368 ambulant
804 336 896 368 ante
917 329 1061 368 ostium

105 409 121 439 5
143 409 261 446 quam
283 409 355 445 ego
375 402 569 446 opsonatu
591 396 719 434 redeo.
778 395 899 433 adibo
917 402 1037 444 atque
1055 396 1258 445 adloquar.

144 462 417 507 Menaechme,
441 462 558 499 salue.
619 462 733 498 ΜΕΝ.
767 459 806 498 di
827 467 865 497 te
885 460 1075 497 amabunt
1096 459 1273 510 quisquis
1291 457 1379 512 (es).

143 527 214 565 ΟΥ.
247 525 423 576 quisquis
483 540 501 560 *
614 538 632 558 >a
746 539 763 559 *
820 523 943 577 (quis)
962 537 1035 574 ego
1056 524 1159 563 sim?

145 593 260 629 ΜΕΝ.
293 604 372 629 non
395 592 524 629 hercle
545 603 649 628 uero.
709 590 780 628 ΟΥ.
814 589 881 628 ubi
903 589 1097 628 conuiuae
1118 589 1266 628 ceteri?
1491 591 1562 627 280

146 657 260 694 ΜΕΝ.
293 668 392 705 quos
414 663 454 693 tu
476 655 665 693 conuiuas
687 653 870 704 quaeris?
926 655 997 694 ΟΥ.
1029 655 1242 705 parasitum
1263 662 1385 693 tuom.

87 736 125 758 10
146 723 259 760 ΜΕΝ.
293 734 424 759 meum
445 720 687 770 parasitum?
744 721 816 759 ΟΥ.
847 728 951 758 certe
972 720 1035 758 hic
1056 720 1234 759 insanust
1253 722 1385 760 homo.

145 788 248 825 MES.
281 785 388 824 dixin
408 785 478 823 tibi
499 798 584 823 esse
605 784 669 823 hic
690 786 951 835 sycophantas
972 786 1205 836 plurumos?

515 863 533 883 21<
701 865 720 886 *
888 865 906 886 εκ
1074 866 1092 886 ss

144 917 257 954 ΜΕΝ.
290 929 407 965 quem
429 923 470 953 tu
492 914 703 966 parasitum
720 915 885 965 quaeris,
908 917 1151 963 adulescens,
1176 917 1339 954 meum?
1487 922 1553 967 285

143 982 215 1020 ΟΥ.
248 980 491 1018 Peniculum.
552 982 657 1018 MES.
690 980 829 1019 eccum
850 980 889 1018 in
911 980 1049 1019 uidulo
1069 982 1221 1019 saluom
1242 982 1335 1019 fero.

143 1046 213 1085 ΟΥ.
248 1047 521 1093 Menaechme,
545 1059 710 1091 numero
731 1047 809 1084 huc
829 1045 994 1085 aduenis
1014 1047 1066 1085 ad
1086 1045 1305 1096 prandium.

85 1123 122 1155 15
142 1124 247 1149 nunc
267 1118 461 1161 opsonatu
483 1112 613 1150 redeo.
674 1113 790 1149 ΜΕΝ.
821 1113 1017 1162 responde
1038 1111 1149 1159 mihi,

138 1178 394 1215 adulescens:
424 1176 568 1226 quibus
589 1176 652 1215 hic
672 1176 828 1227 pretieis
847 1176 957 1227 porci
977 1183 1152 1215 ueneunt

139 1254 266 1280 sacres
311 1241 481 1280 sinceri?
559 1242 632 1281 ΟΥ.
672 1241 880 1281 nummeis.
959 1243 1075 1280 MEN.
1115 1254 1324 1280 nummum
1352 1255 1376 1279 a
1405 1255 1468 1281 me
1487 1254 1557 1290 290

1310 1305 1470 1358 accipe:

140 1370 232 1411 iube
253 1370 289 1410 te
310 1371 406 1422 piari
425 1373 476 1411 de
497 1385 585 1411 mea
604 1372 782 1423 pecunia.

139 1451 231 1476 nam
252 1437 437 1488 equidem
464 1436 468 1489 Ι
494 1437 676 1476 insanum
697 1451 782 1476 esse
803 1444 841 1476 te
861 1444 969 1475 certo
989 1436 1085 1485 scio,

81 1516 122 1539 20
140 1501 207 1552 qui
224 1502 320 1540 mihi
341 1503 539 1540 molestu's
560 1501 712 1540 homini
733 1502 868 1552 ignoto
889 1501 1066 1552 quisquis
1086 1514 1138 1540 es.

139 1567 211 1606 ΟΥ.
244 1567 454 1616 Cylindrus
475 1580 548 1616 ego
568 1580 654 1604 sum
672 1582 678 1604 :
710 1580 789 1604 non
811 1565 913 1604 nosti
936 1580 1081 1605 nomen
1103 1567 1268 1605 meum?

139 1633 254 1671 ΜΕΝ.
286 1631 342 1670 sei
363 1638 404 1669 tu
426 1631 637 1681 Cylindrus
658 1645 727 1669 seu
749 1630 1016 1678 Coriendru's‚
1039 1630 1210 1681 perieris.
1487 1645 1554 1683 295

136 1710 210 1747 ego
230 1704 268 1735 te
287 1710 368 1735 non
389 1695 484 1735 noui
504 1710 633 1746 neque
654 1696 812 1734 nouisse
832 1697 934 1735 adeo
954 1697 1058 1734 uolo.

138 1764 210 1802 ΟΥ,
246 1769 305 1801 est
342 1761 414 1801 tibi
454 1762 722 1800 Menaechmo
761 1775 919 1800 nomen.
999 1762 1115 1799 MEN.
1156 1767 1322 1808 tantum,
1358 1761 1469 1811 quod

1333 1825 1466 1873 sciam,

80 1906 118 1939 25
137 1906 208 1943 pro
227 1905 324 1931 sano
344 1892 515 1943 loqueris
536 1905 658 1943 quom
679 1906 743 1931 me
762 1893 936 1943 appellas
957 1891 1129 1931 nomine.

137 1958 206 1996 sed
228 1957 294 1995 ubi
316 1957 461 1996 nouisti
482 1957 575 1996 me?
633 1958 704 1997 ΟΥ.
737 1957 805 1996 ubi
826 1970 899 2008 ego
919 1964 958 1995 te
978 1956 1168 2005 nouerim,

180 2069 243 2100 275
266 2060 366 2091 uideo
383 2071 445 2091 uae
463 2066 558 2101 tergo
578 2061 736 2092 Grulertes
753 2071 759 2090 :
792 2061 916 2092 uideon
933 2064 1072 2100 aetergo
1088 2060 1128 2100 P,
1148 2060 1181 2091 A
1200 2071 1233 2091 n.
1250 2059 1270 2091 l.
1402 2062 1468 2100 276

137 2114 181 2135 cm
200 2104 409 2135 conuiuaen?
433 2105 523 2145 (cum
538 2106 642 2145 priu’)
711 2105 927 2135 obambulant
940 2103 1066 2134 Rz'tsclal
1195 2104 1270 2144 278,
1287 2114 1352 2143 279
1375 2114 1412 2135 es
1429 2129 1436 2136 .
1455 2128 1463 2136 .

138 2148 212 2188 quis
227 2158 293 2178 om.
308 2147 342 2177 P
355 2148 416 2189 (iii.
438 2158 485 2187 11,
506 2159 537 2188 p.
558 2152 614 2188 52)
743 2158 807 2187 279
822 2148 975 2188 quisquis
988 2148 1055 2187 d—
1070 2147 1103 2177 A
1150 2147 1231 2187 fort.
1251 2148 1442 2187 ‘quisquis’
1457 2148 1468 2179 ’.ἱ

138 2190 283 2233 (deliras
295 2191 405 2230 plane.
420 2202 487 2223 non
499 2193 567 2223 scis
577 2190 675 2234 quis)
686 2202 750 2232 ego
767 2193 829 2223 sim
842 2194 852 2223 ἓ
957 2193 1020 2222 282
1045 2196 1136 2222 certe
1147 2182 1304 2223 Ms‘fflel
1313 2201 1355 2221 oe
1373 2195 1466 2222 certe

138 2236 169 2266 A
276 2236 429 2274 284-300
450 2237 639 2276 posteriores
649 2239 760 2276 partes
766 2235 837 2275 fi‘re
851 2235 1005 2276 leguntur
1017 2235 1050 2265 A
1185 2236 1249 2274 284
1273 2244 1338 2265 om.
1355 2234 1389 2265 P
1400 2245 1408 2273 ;
1429 2233 1465 2266 in

136 2278 170 2308 A
185 2278 440 2319 legitur-rincu
456 2301 465 2310 .
484 2289 533 2318 sm
551 2303 557 2309 .
576 2289 598 2318 n
614 2297 654 2300 ——
673 2284 709 2310 tu
725 2297 767 2302 —-
898 2279 961 2318 285
985 2288 1079 2309 meus
1102 2277 1135 2308 A
1279 2279 1344 2318 289
1366 2278 1466 2318 pretii

136 2322 170 2352 P
247 2333 312 2362 290
328 2333 499 2354 nummum
511 2333 575 2354 om.
590 2321 624 2352 P
709 2333 774 2361 292
790 2321 991 2364 (insanum)
1003 2323 1160 2353 insanum
1171 2320 1307 2362 Seyffert
1317 2321 1365 2360 (A
1378 2331 1412 2352 n.
1422 2320 1464 2362 l.)

137 2375 200 2405 295
227 2366 284 2397 Sei
299 2365 440 2406 Mueller,
454 2365 630 2396 secundum
646 2377 771 2397 morem
782 2366 996 2396 Plautinum:
1024 2365 1094 2397 Seu
1110 2364 1153 2405 P,
1163 2365 1196 2396 A
1211 2376 1243 2397 n.
1258 2365 1278 2397 l.
1293 2365 1346 2407 (ςῙΖ
1358 2375 1391 2396 v.
1404 2374 1467 2405 793

136 2409 208 2440 siue
219 2414 281 2451 pro
296 2409 338 2451 si)
429 2419 493 2449 299
515 2409 565 2440 vel
578 2410 655 2440 med
673 2421 680 2440 z
702 2408 782 2453 (tu)
793 2420 845 2440 me
855 2408 970 2441 Loewe
982 2407 1094 2450 (exA)
