1737 2765
731 142 1087 181 MENAECHMI
1536 146 1563 183 1.
1586 146 1612 182 ii

244 265 337 291 nam
357 250 388 291 si
409 251 501 291 soris
521 258 650 299 cenat,
670 252 846 302 profecto
868 252 940 298 me,
965 253 1069 291 haud
1092 266 1262 300 uxorem,
1285 255 1490 294 ulciscitur.

247 317 362 355 ΜΕΝ.
393 330 492 356 euax
511 319 518 354 Ξ
549 316 673 368 iurgio
694 318 823 355 hercle
844 318 1004 355 tandem
1027 331 1185 356 uxorem
1207 319 1318 368 abegi
1339 320 1389 357 ab
1411 319 1534 358 ianua.

298 380 366 420 ubi
387 389 477 420 sunt
496 390 691 420 amatores
712 381 868 420 mariti?
897 383 1002 420 dona
1023 382 1118 432 quid
1139 392 1291 421 cessant
1315 384 1406 422 mihi

297 447 474 485 conferre
493 459 632 484 omnes
653 447 968 495 congratulantes
989 447 1079 496 quia
1101 445 1270 497 pugnaui
1292 448 1466 486 sortiter?
1590 468 1630 489 20

160 523 228 560 130
244 511 347 550 hanc
368 511 490 549 modo
510 510 618 548 uxori
639 510 744 548 intus
764 512 907 561 pallam
929 511 1122 562 surrupui,
1141 513 1191 551 ad
1212 521 1382 551 scortum
1405 515 1495 551 sem.

297 575 353 614 sic
373 576 450 614 hoc
470 576 595 621 decet,
619 575 700 614 dari
724 577 847 614 facete
870 577 988 614 uerba
1009 577 1163 616 custodi
1184 585 1304 616 eatae.

297 640 374 679 hoc
404 639 555 679 facinus
589 641 846 690 pulehrumst,
878 642 954 679 hoc
989 642 1204 691 probumst,
1237 644 1312 681 hoc
1346 642 1570 693 lepidumst,

1142 709 1218 746 hoc
1239 709 1421 746 factumst
1443 708 1570 746 fabre:

354 766 444 810 meo
465 772 568 810 malo
588 784 611 809 a
631 773 733 809 mala
752 771 894 821 apstuli
916 772 1003 818 hoc,
1026 773 1076 810 ad
1097 773 1287 810 damnum
1309 774 1511 812 deseretur.

352 836 478 875 auorti
500 837 685 886 praedam
706 837 757 874 ab
778 836 957 874 hostibus
979 845 1154 874 nostrum
1177 839 1299 876 salute
1320 837 1481 876 socium.
1595 851 1632 882 25

161 907 224 946 135
245 901 316 939 PE.
347 901 445 940 heus
460 903 718 940 adulescens!
748 914 874 951 ecqua
895 901 934 939 in
955 901 1050 940 istac
1067 915 1154 951 pars
1171 902 1269 940 inest
1286 904 1429 952 praeda
1451 903 1574 942 mihi?

244 966 360 1005 ΜΕΝ.
393 966 513 1017 perii!
543 966 585 1004 in
611 966 773 1010 insidias
802 966 958 1005 deueni.
1019 968 1086 1004 PE.
1120 967 1242 1005 immo
1263 967 1302 1005 in
1323 967 1571 1017 praesidium,

1397 1046 1446 1071 ne
1467 1033 1570 1072 time.

241 1097 359 1135 ΜΕΝ.
409 1096 497 1147 quis
535 1097 658 1136 homo
696 1099 785 1136 est?
859 1099 927 1136 PE.
969 1111 1042 1148 ego
1081 1111 1178 1136 sum.
1258 1099 1372 1136 ΜΕΝ.
1424 1112 1448 1136 o
1487 1111 1573 1137 mea

812 1163 1102 1210 Commoditas,
1123 1176 1147 1201 o
1168 1177 1255 1202 mea
1276 1163 1570 1213 Opportunitas,

241 1227 361 1266 salue.
420 1229 490 1266 PE.
522 1229 641 1266 salue.
716 1229 831 1266 ΜΕΝ.
864 1228 959 1278 quid
989 1227 1100 1278 agis?
1170 1230 1238 1266 PE,
1271 1236 1387 1267 teneo
1416 1230 1574 1267 dextera

1247 1292 1405 1343 genium
1428 1307 1570 1332 meum.

243 1358 360 1396 MEN.
401 1370 482 1396 non
516 1357 679 1408 potuisti
709 1357 823 1408 magi'
856 1371 924 1409 per
958 1366 1113 1408 tempus
1147 1357 1200 1396 mi
1233 1357 1420 1396 aduenire
1454 1371 1571 1408 quam
1595 1373 1636 1404 30

1355 1415 1357 1417 ¹
1396 1422 1571 1462 aduenis.

158 1497 226 1533 140
243 1487 315 1526 PE.
346 1486 401 1526 ita
419 1501 493 1538 ego
514 1489 647 1527 soleo:
677 1488 973 1527 commoditatis
994 1488 1123 1527 omnis
1143 1487 1327 1541 agticulos
1347 1487 1439 1527 scio.

243 1553 360 1591 ΜΕΝ.
391 1553 460 1592 uin
490 1561 532 1591 tu
562 1553 713 1592 facinus
740 1555 985 1592 luculentum
1016 1552 1237 1604 inspicere?
1306 1555 1375 1591 PE.
1416 1553 1502 1603 quis
1534 1553 1573 1592 id

1273 1617 1375 1656 coxit
1395 1619 1575 1668 coquos?

240 1681 319 1721 iam
339 1682 473 1731 sciam,
496 1683 528 1722 si
548 1684 644 1734 quid
665 1684 924 1731 titubatumst,
948 1683 1017 1722 ubi
1037 1683 1218 1734 reliquias
1239 1683 1385 1722 uidero.
1610 1736 1611 1740 Ἰ

242 1749 359 1787 ΜΕΝ.
399 1749 464 1788 dic
502 1749 568 1797 mi,
604 1762 846 1800 enumquam
886 1757 928 1787 tu
966 1748 1099 1788 uidisti
1137 1749 1311 1787 tabulam
1349 1748 1494 1799 pictam
1533 1748 1572 1787 in

1427 1813 1573 1864 pariete

242 1878 311 1917 ubi
330 1878 463 1929 aquila
483 1879 750 1919 Catameitum
771 1887 922 1930 raperet
942 1887 1009 1918 aut
1030 1879 1098 1918 ubi
1121 1881 1258 1918 Venus
1279 1880 1523 1918 Adoneum?
1594 1890 1632 1924 35

158 1951 222 1990 145
244 1945 313 1982 PE.
344 1957 472 1995 saepe.
533 1946 604 1984 sed
624 1944 721 1995 quid
742 1945 838 1983 istae
857 1946 1031 1995 picturae
1050 1946 1101 1984 ad
1122 1958 1186 1984 me
1200 1944 1396 1983 attinent?
1456 1945 1570 1981 ΜΕΝ.

1254 2024 1325 2061 age
1346 2023 1408 2047 me
1428 2008 1570 2059 aspice.

242 2074 388 2126 ecquid
407 2075 604 2115 adsimulo
624 2076 830 2115 similiter?
887 2078 955 2115 PE.
988 2076 1055 2127 qui
1076 2076 1161 2115 istic
1182 2083 1240 2115 est
1262 2076 1420 2115 ornatus
1442 2075 1558 2113 tuos?

291 2180 418 2220 126-58
440 2179 524 2210 deest
548 2179 582 2210 A
729 2181 790 2211 126
812 2180 863 2210 vel
876 2179 1030 2220 profecto
1047 2180 1122 2210 med
1282 2188 1340 2218 127
1365 2178 1478 2209 hercle
1501 2188 1570 2208 om.

242 2222 310 2256 cod.
333 2222 491 2255 Varronis
504 2223 548 2254 L.
564 2224 604 2255 L.
626 2234 654 2263 7,
674 2234 717 2263 93
828 2233 888 2263 13ο
901 2223 983 2262 fort.
1002 2221 1132 2265 (hanc)
1149 2224 1236 2254 hanc
1255 2222 1387 2262 (iamb.)
1509 2230 1569 2259 135

233 2267 319 2307 sort.
331 2267 448 2307 ecquis
464 2265 500 2297 in
518 2266 536 2298 i.
607 2268 731 2307 praeda
747 2266 957 2298 Camerarius
971 2279 978 2298 ε
1003 2277 1062 2306 pre
1078 2266 1143 2298 cod.
1159 2278 1165 2297 ε
1191 2267 1317 2305 praemi
1333 2265 1405 2296 Ital.
1509 2266 1569 2302 136

244 2310 384 2341 deuenit
402 2313 493 2349 (corr.
510 2309 571 2350 13²)
589 2310 655 2343 cod.
766 2321 826 2350 139
841 2311 892 2341 vel
905 2321 1003 2349 mage
1083 2328 1087 2334 ·
1114 2320 1168 2347 141
1188 2319 1316 2349 quocus
1331 2307 1395 2340 cod.
1510 2317 1567 2346 143

243 2363 445 2393 enumquam
474 2353 559 2385 Brix
572 2354 628 2395 (ex
641 2354 770 2385 Auson.
788 2364 840 2393 24,
861 2364 887 2392 1,
907 2364 939 2393 p.
963 2364 1014 2384 121
1034 2353 1127 2392 sch.)
1143 2364 1150 2383 :
1176 2362 1320 2391 numqua
1339 2352 1399 2391 (Β)
1411 2351 1461 2381 vel
1475 2361 1565 2381 num-

243 2407 342 2436 quam
363 2396 466 2437 (PCD)
481 2397 549 2428 cod.
683 2407 742 2436 ¹45
767 2398 816 2428 vel
831 2398 934 2428 istaec
1056 2397 1116 2435 146
1139 2397 1213 2434 quis
1229 2395 1294 2435 alii,
1313 2394 1370 2425 sed
1381 2395 1416 2433 cs.
1435 2394 1568 2433 Seyffert

245 2439 347 2482 (Berl.
366 2440 450 2472 Phil.
474 2440 581 2472 lVoclt.
604 2450 651 2480 13,
672 2441 750 2482 278)
839 2441 888 2470 vc!
902 2445 1054 2470 ornatust
