1737 2765
49 177 118 215 IV.
143 177 188 214 iii
566 176 612 213 T.
647 175 826 214 MACCI
859 174 1062 212 PLAVTI

79 329 123 366 iii
400 326 661 363 EROT1VM
775 323 1224 361 MENAECHMvsI

146 415 220 451 ER.
254 412 354 461 Quis
375 411 437 449 hic
459 425 522 450 me
542 410 722 460 quaerit?
780 412 894 448 ΜΕΝ.
926 410 1000 449 sibi
1020 409 1203 448 inimicus
1224 409 1338 460 magi'
1357 422 1477 460 quam
1496 414 1564 459 675

1238 475 1354 514 aetati
1375 482 1478 513 tuae.

149 546 224 582 ER.
258 543 309 580 mi
341 543 615 589 Menaechme,
642 555 715 591 qur
743 549 834 580 ante
863 542 972 580 aedis
1001 543 1134 580 astas?
1172 554 1335 591 sequere
1365 540 1479 578 intro.

1206 607 1320 643 ΜΕΝ.
1353 618 1480 643 mane.

150 673 233 711 scin
261 673 356 722 quid
384 680 441 710 est
469 673 577 721 quod
605 684 677 721 ego
703 672 755 709 ad
784 679 820 709 te
848 671 996 709 uenio?
1054 672 1129 708 ER.
1161 670 1254 717 scio,
1278 678 1319 708 ut
1344 669 1413 709 tibi
1434 683 1481 708 ex

1195 749 1258 774 me
1279 735 1326 773 sit
1347 736 1480 785 uolup.

152 804 265 840 ΜΕΝ.
310 802 433 840 immo
471 802 614 851 edepol
653 802 796 850 pallam
832 801 948 847 illam,
985 800 1130 838 amabo
1168 807 1219 847 te,
1255 813 1373 850 quam
1412 799 1483 837 tibi

1203 866 1357 904 dudum
1376 863 1480 911 dedi,

114 951 130 982 5
152 933 247 971 mihi
269 947 355 972 eam
377 934 511 972 redde.
570 945 665 970 uxor
692 932 848 971 resciuit
875 946 957 971 rem
978 944 1150 978 omnem,
1174 938 1217 969 ut
1243 932 1390 969 factum
1410 938 1481 977 est,

1332 995 1483 1035 ordine.

151 1077 225 1113 ego
246 1063 315 1101 tibi
338 1063 529 1101 redimam
552 1063 611 1101 bis
632 1071 740 1101 tanta
759 1063 880 1113 pluris
901 1064 1045 1113 pallam
1066 1076 1186 1112 quam
1207 1063 1331 1100 uoles.
1503 1067 1574 1102 680

156 1131 232 1167 ER.
263 1128 334 1166 tibi
355 1128 447 1167 dedi
465 1127 651 1178 equidem
668 1128 785 1174 illam,
805 1129 855 1167 ad
876 1127 1134 1178 phrygionem
1150 1131 1193 1166 ut
1208 1129 1336 1174 ferres,
1353 1128 1486 1177 paullo

1366 1191 1484 1243 prius,

153 1268 191 1298 et
212 1259 308 1298 illud
329 1259 487 1309 spinter,
509 1266 552 1297 ut
572 1259 623 1297 ad
643 1260 857 1297 auruficem
878 1259 1005 1305 ferres,
1029 1266 1071 1297 ut
1091 1259 1200 1297 fieret
1220 1271 1382 1297 nouom.

156 1326 273 1362 ΜΕΝ.
312 1324 409 1362 mihi
442 1332 483 1362 tu
518 1331 560 1362 ut
598 1323 753 1363 dederis
787 1325 930 1374 pallam
966 1331 1004 1362 et
1041 1324 1219 1374 spinter?
1269 1337 1485 1374 numquam

1139 1390 1286 1428 factum
1307 1388 1485 1440 reperies.

100 1470 139 1493 10
158 1468 249 1493 nam
280 1469 354 1505 ego
382 1454 545 1505 quidem
574 1462 786 1504 postquam
816 1454 922 1492 illam
951 1455 1105 1493 dudum
1134 1453 1206 1492 tibi
1235 1453 1340 1501 dedi,
1370 1461 1491 1504 atque

1168 1518 1247 1557 abii
1267 1520 1318 1557 ad
1337 1520 1490 1558 forum:

158 1599 264 1624 nunc
284 1586 417 1633 redeo,
438 1598 544 1623 nunc
565 1592 603 1623 te
626 1584 806 1635 postillac
826 1584 956 1623 uideo.
1017 1585 1094 1623 ER.
1123 1584 1243 1623 uideo
1263 1597 1383 1635 quam
1407 1599 1490 1624 rem
1507 1587 1575 1633 685

1395 1650 1491 1701 agis.

158 1717 251 1767 quia
271 1715 462 1762 commisi,
485 1724 528 1754 ut
548 1728 612 1754 me
631 1716 828 1762 defrudes,
849 1716 901 1754 ad
921 1728 1009 1754 eam
1028 1728 1111 1754 rem
1131 1716 1306 1755 adfectas
1325 1715 1443 1754 uiam.

161 1785 276 1821 ΜΕΝ.
309 1795 439 1831 neque
459 1782 602 1831 edepol
623 1789 662 1819 te
681 1780 919 1819 defrudandi
939 1793 1078 1819 caussa
1097 1794 1221 1831 posco
1241 1780 1355 1831 (quin
1374 1780 1447 1820 tibi

160 1848 250 1887 dico
272 1860 433 1885 uxorem
452 1845 807 1897 resciuisse)—ER.
839 1858 914 1884 nec
934 1853 972 1884 te
992 1847 1094 1884 ultro
1113 1846 1223 1884 oraui
1243 1854 1287 1885 ut
1306 1847 1443 1886 dares:

104 1929 139 1960 15
161 1921 243 1951 tute
264 1914 366 1951 ultro
386 1913 437 1950 ad
458 1925 521 1950 me
542 1910 728 1955 detulisti,
751 1910 896 1949 dedisti
917 1924 1005 1948 eam
1026 1912 1135 1950 dono
1155 1911 1252 1950 mihi
1267 1927 1277 1959 3

160 1980 327 2017 eandem
350 1991 456 2015 nunc
476 1976 672 2028 reposcis:
702 1975 837 2026 patiar.
896 1975 967 2014 tibi
987 1976 1101 2023 habe,
1124 1978 1242 2023 aufer,
1265 1985 1374 2016 utere
1510 1981 1582 2025 690

160 2045 224 2082 uel
246 2052 286 2081 tu
307 2044 370 2081 uel
391 2050 457 2080 tua
478 2056 587 2090 uxor,
607 2043 671 2080 uel
692 2040 810 2079 etiam
831 2040 872 2079 in
892 2041 1044 2079 loculos
1064 2041 1318 2092 compingite.

205 2151 268 2188 675
287 2148 335 2179 vel
351 2158 447 2187 mage
515 2146 651 2190 (quist)
661 2158 761 2188 quam
774 2147 909 2187 Ritschl,
925 2149 978 2178 cui
991 2158 1091 2188 quam
1112 2147 1116 2189 1
1137 2153 1202 2179 aet.
1216 2147 1357 2189 deplicet
1411 2149 1493 2188 sort.

163 2193 270 2233 magis
287 2193 336 2222 in.
435 2193 501 2230 676
524 2191 590 2222 mei
607 2191 687 2230 cod„
706 2196 745 2223 ut
758 2191 823 2224 vid.
921 2193 985 2231 677
1010 2192 1166 2233 uoluptas
1182 2182 1303 2233 Q.
1322 2193 1357 2232 8,
1380 2202 1414 2233 p.
1434 2193 1494 2234 27)

162 2238 228 2267 680
252 2241 347 2267 tanto
362 2235 436 2265 PCD
454 2235 500 2265 13²
527 2235 600 2275 (sed
624 2236 660 2276 cf
682 2235 793 2267 Havet
817 2235 916 2267 Arch.
946 2235 1020 2266 Lat.
1046 2235 1212 2277 Lexicogr.
1234 2246 1287 2275 11,
1308 2245 1395 2277 5793
1428 2235 1496 2268 Leo

163 2280 238 2312 ibid.
257 2290 305 2316 12,
321 2281 379 2321 99)
480 2281 543 2310 681
570 2280 629 2310 tibi
643 2280 801 2320 equidem
818 2280 896 2311 dedi
911 2279 1046 2321 Seyffi‘rt
1125 2280 1218 2320 prius
1233 2279 1309 2311 Ital.
1326 2291 1334 2311 τ
1359 2280 1411 2311 uis
1427 2280 1494 2312 cod.

163 2325 227 2355 682
251 2324 301 2354 vel
314 2323 391 2354 illuc
488 2325 553 2363 683
578 2328 614 2354 ut
629 2329 665 2355 tu
682 2324 714 2354 Β
791 2323 944 2363 reperies
960 2322 1150 2354 Priscianus
1169 2334 1196 2363 1,
1220 2333 1277 2363 151
1292 2335 1301 2363 ς
1334 2323 1497 2356 releeeris

164 2367 228 2399 cod.
247 2368 428 2408 (relegeris
445 2367 529 2406 PCD‚
549 2368 678 2399 dixeris
694 2366 761 2408 3²)
778 2368 854 2409 (pro
870 2367 1039 2398 reieceres
1051 2369 1077 2407 2)
1167 2369 1233 2408 685
1251 2368 1329 2399 dost
1344 2367 1420 2399 illac
1430 2367 1496 2400 cod.

167 2411 258 2451 (corr.
278 2410 344 2451 13²)
467 2413 532 2442 686
554 2422 640 2451 quae
656 2411 760 2442 Bothe
875 2412 940 2450 689
963 2411 1104 2443 tetulisti
1121 2410 1255 2452 Ritschl,
1275 2422 1359 2443 nam
1375 2412 1498 2443 dedisti

164 2455 303 2495 displicet
324 2455 376 2496 (cf.
396 2457 462 2494 630
484 2456 588 2486 detuli
604 2454 655 2486 32
676 2461 738 2496 pro
760 2455 872 2495 tetuli)
968 2455 1050 2494 sort.
1075 2455 1223 2486 dedistin
1251 2455 1498 2497 (interrogativa

164 2499 295 2539 omnia)
384 2501 452 2539 690
473 2499 561 2530 habe
578 2499 636 2530 tibi
656 2499 789 2530 Guietus
876 2501 937 2538 691
964 2498 1091 2530 loculos
1106 2499 1272 2532 Balbach:
1297 2499 1412 2531 oculos
1429 2499 1495 2532 cod.
