1737 2765
59 134 106 170 V.
126 133 156 170 ii
545 134 591 171 T.
626 133 806 173 MACCI
839 133 1042 171 PLAVTI

68 508 109 550 65

128 248 304 297 deosque
335 249 387 285 (lo
417 247 579 285 testis—--
637 249 700 285 SE.
734 261 811 297 qua
841 248 891 285 dc
920 261 960 285 re
987 253 1054 284 aut
1081 244 1223 296 quoius
1250 244 1303 283 rei
1331 257 1459 283 rerum

1250 308 1430 348 omnium
1444 309 1461 346 ?

130 379 244 416 ΜΕΝ.
279 392 340 416 mc
363 392 491 428 noque
513 378 572 416 isti
596 380 696 416 male
719 377 856 416 fecisse
878 376 1027 414 mulieri
1051 389 1152 426 quac
1174 389 1237 413 nic
1256 373 1381 424 arguit

129 443 232 480 hanc
248 444 370 481 domo
391 443 440 480 ab
457 456 498 480 sc
515 442 757 492 surrupuisse
773 449 892 491 atquc
908 441 1258 491 apstulisse——MA.
1283 438 1460 477 deierat?

132 509 247 545 ΜΕΝ.
300 509 331 545 si
379 521 451 555 ego
499 507 598 545 intra
640 506 749 545 aedis
790 506 919 544 huiius
964 519 1152 556 umquam
1198 504 1263 542 ubi
1308 496 1459 541 habitat
1479 506 1595 551 815-6

1039 569 1241 620 pcnetraui
1266 566 1459 620 (pedem),

129 637 307 675 omnium
330 637 536 675 hominum
558 644 702 686 exopto
723 643 765 674 ut
786 637 878 674 fiam
902 635 1130 674 miserorum
1155 635 1416 672 miserrumus.

127 703 191 740 SE.
225 716 350 740 sanun
373 716 413 740 es
435 702 501 752 qui
523 702 623 740 istuc
640 708 801 751 exoptes
817 709 883 739 aut
901 713 1019 750 neges
1036 707 1074 738 te
1091 712 1279 749 umquam
1296 699 1439 749 pedem

126 766 165 804 in
187 780 251 806 eas
271 767 380 805 aedis
402 766 577 804 intulisse
597 766 665 804 ubi
687 765 852 813 habitas,
875 765 1167 804 insanissurne?

130 833 244 869 ΜΕΝ.
278 838 359 878 tun,
383 845 512 878 senex,
535 831 590 868 ais
616 830 791 869 habitare
812 832 903 869 med
926 830 965 868 in
986 829 1109 868 illisce
1129 829 1327 868 aedibus?
1477 832 1548 866 820

128 897 192 934 SE.
225 903 266 934 tu
294 897 445 945 negas?
502 897 617 933 ΜΕΝ.
650 908 751 945 nego
773 896 903 934 hercle
924 908 1028 933 uero.
1089 896 1153 933 SE.
1185 894 1309 932 immo
1329 894 1459 932 hercle

1159 959 1294 1012 iljfflire
1313 972 1432 1008 negas
1450 973 1460 1007 ;

127 1025 201 1064 nisi
223 1039 303 1076 quo
324 1034 440 1064 nocte
461 1027 535 1064 hac
552 1025 782 1076 exmigrasti.
841 1024 920 1077 (tu)
939 1026 1115 1064 concede
1136 1026 1225 1072 huc,
1243 1011 1340 1064 filia.

126 1091 223 1140 quid
250 1098 291 1129 tu
318 1091 404 1130 ais?
433 1104 528 1129 num
549 1091 642 1129 hinc
663 1090 934 1141 exmigrastis?
991 1093 1075 1129 ΜΛ.
1108 1089 1227 1140 quern
1257 1089 1296 1128 in
1326 1091 1458 1129 locum

813 1164 881 1195 aut
900 1154 1057 1208 (quam)
1075 1157 1128 1195 ob
1149 1169 1243 1203 rem,
1265 1157 1460 1207 opsecro?

126 1222 190 1260 SE.
236 1234 317 1260 non
349 1223 491 1272 edepol
526 1222 619 1261 scio.
691 1224 775 1261 MA.
820 1224 996 1272 profecto
1025 1221 1125 1261 ludit
1157 1229 1195 1261 te
1229 1222 1304 1268 hic.
1376 1235 1458 1260 non

1180 1286 1297 1341 tu[te]
1319 1289 1459 1342 tenes?

126 1352 190 1390 SE.
223 1351 300 1390 iam
331 1365 435 1399 uero,
462 1353 736 1399 Menaechme,
769 1352 852 1391 sati'
874 1352 1069 1396 iocatu’s„
1107 1366 1214 1392 nunc
1243 1354 1346 1392 hanc
1375 1367 1457 1392 rem
1476 1358 1543 1402 825

1354 1432 1455 1469 gere.

89 1516 101 1525 ,
128 1484 243 1521 ΜΕΝ.
287 1497 445 1533 quaeso,
477 1483 573 1534 quid
608 1484 704 1522 mihi
739 1492 870 1523 tecum
910 1486 1001 1523 est?
1044 1486 1151 1524 unde
1189 1492 1256 1524 aut
1294 1484 1382 1535 quis
1417 1492 1458 1522 tu

1200 1551 1322 1589 homo
1342 1551 1416 1589 es?
1437 1563 1455 1583 *

125 1613 196 1652 tibi
216 1621 283 1653 aut
303 1614 404 1653 adeo
425 1614 498 1662 isti,
522 1627 624 1664 quae
645 1614 741 1653 mihi
764 1615 1005 1655 molestiaest
1026 1629 1190 1667 quoquo
1210 1616 1363 1655 modo?

126 1681 210 1717 MA.
241 1679 361 1718 uiden
383 1687 424 1718 tu
445 1679 522 1718 illic
543 1681 680 1719 oculos
701 1680 855 1720 uirere?
884 1689 927 1720 ut
947 1681 1083 1721 uiridis
1104 1681 1274 1721 exoritur
1294 1682 1404 1721 colos

123 1759 170 1783 ex
190 1745 433 1796 temporibus
453 1752 572 1796 atque
592 1747 730 1794 fronte,
754 1754 797 1785 ut
818 1747 921 1786 oculi
943 1747 1167 1794 scintillant,
1191 1746 1283 1786 uide
1303 1750 1311 1786 ἒ
1475 1750 1604 1795 829-30

167 1850 230 1879 812
255 1849 298 1880 do
316 1854 422 1880 testes
445 1849 625 1881 Gruterus:
650 1851 800 1882 detestes
821 1850 888 1883 cod.
1033 1852 1095 1890 814
1121 1850 1315 1882 intercidisse
1333 1850 1461 1891 aliquid

122 1893 306 1932 suspicatur
318 1892 444 1923 Ritschl
542 1894 673 1925 delurat
691 1895 755 1926 cod.
773 1905 779 1925 :
804 1894 935 1935 peierat
951 1893 1077 1926 Schoell
1245 1896 1309 1926 816
1331 1895 1455 1934 pedem

123 1935 199 1967 add.
217 1935 357 1974 Pylades
488 1938 552 1968 818
575 1949 678 1969 neces
694 1938 758 1970 cod.
896 1940 961 1978 819
985 1939 1101 1969 intulis
1112 1938 1176 1970 cod.
1286 1939 1351 1969 820
1375 1943 1455 1969 tunc

123 1990 231 2010 senex
245 1981 292 2010 ait
305 1980 368 2012 cod.
388 1980 480 2021 (corr.
494 1981 559 2023 ΒΖ)
650 1983 711 2013 821
739 1987 799 2013 tun
812 1982 916 2013 Botlze
998 1993 1083 2022 nege
1097 1988 1156 2024 per
1164 1982 1330 2023 compend.
1349 1984 1454 2023 script.

123 2024 188 2064 (vel
202 2024 301 2063 neco)
320 2025 353 2054 1'12
370 2024 436 2056 cod.
458 2025 586 2066 (neque
598 2025 685 2065 PCD)
777 2026 891 2057 hercle
904 2026 1060 2067 (Vahlen)
1076 2027 1195 2057 inuere
1211 2027 1343 2066 scripsi:
1369 2027 1454 2057 hece

123 2067 240 2098 ludere
258 2067 322 2098 cod.
344 2070 419 2108 (pro
437 2069 554 2099 luuere
571 2080 578 2100 ε
603 2070 645 2099 vi.
664 2070 694 2108 1>
758 2075 862 2108 neget
878 2069 952 2099 PCD
971 2070 1065 2110 (2pro
1081 2070 1203 2111 neges)
1302 2070 1366 2100 822
1389 2070 1454 2100 hac

122 2111 294 2150 emigrasti
311 2111 383 2144 Ital.
402 2123 410 2142 :
434 2112 497 2143 hac
514 2113 666 2152 migrasti
683 2111 748 2144 cod.
771 2114 844 2153 (pro
860 2114 943 2143 hace
959 2114 1132 2153 migrasti?
1149 2113 1169 2145 i.
1193 2114 1227 2154 7)
1319 2119 1354 2144 tu
1378 2113 1453 2145 add.

121 2154 250 2185 Schoell
312 2156 376 2186 huc
396 2155 608 2186 Camerarius
623 2167 630 2186 :
655 2157 717 2187 hac
734 2157 800 2188 cod.
823 2158 856 2198 (a
868 2162 930 2197 pro
947 2167 967 2186 u
984 2167 992 2194 ;
1016 2157 1058 2188 vi.
1074 2157 1105 2196 1)
1172 2156 1290 2204 (mea)
1308 2157 1328 2188 f.
1347 2157 1453 2187 Fleck—

121 2199 202 2229 etsen
350 2201 413 2238 823
437 2200 510 2238 agis
532 2199 597 2230 cod.
617 2200 712 2237 (corr.
734 2201 767 2230 in
783 2200 830 2240 Β)
927 2200 1126 2240 exmigrasti
1142 2200 1208 2232 cod.
1232 2203 1284 2242 (ex
1297 2211 1328 2232 v.
1348 2200 1452 2241 822):

121 2252 200 2273 corr.
216 2241 389 2273 Acidalins
457 2253 557 2282 quam
569 2243 644 2275 add.
660 2243 844 2274 Beroaldus
931 2245 994 2283 824
1013 2249 1048 2275 tu
1060 2244 1202 2275 Mueller
1285 2245 1348 2284 825
1365 2245 1453 2276 loca-

121 2290 177 2317 tus
204 2297 293 2317 nunc
317 2296 355 2317 ac
375 2287 478 2328 (hanc
495 2286 560 2324 132)
578 2297 649 2318 rem
666 2298 768 2327 agere
782 2287 845 2318 cod.
861 2299 868 2318 z
893 2297 971 2319 corr.
991 2287 1131 2329 Spengel
1269 2289 1335 2319 826
1349 2287 1452 2330 <quid

122 2329 252 2373 debeo>
264 2330 330 2360 Leo
440 2331 502 2370 827
523 2331 573 2362 vel
583 2331 658 2362 istic
747 2341 778 2370 q.
795 2332 851 2362 rni.
864 2332 1006 2362 molesta
1021 2336 1072 2362 est
1089 2331 1153 2363 cod.
1172 2343 1180 2363 ε
1204 2342 1282 2363 corr.
1302 2331 1432 2364 Schoell
1446 2342 1454 2362 :

121 2374 263 2405 molesta
288 2385 318 2413 q.
338 2374 394 2405 mi.
415 2381 467 2405 est
488 2373 610 2405 Vahlen
722 2374 786 2405 828
810 2375 922 2405 iurere
941 2376 1018 2416 (pro
1033 2375 1183 2417 lurere3)
1205 2375 1279 2406 PCD
