1737 2765
82 151 127 187 V.
152 149 212 185 vii
574 149 619 186 T.
655 148 833 186 MACCI
867 147 1069 184 PLAVTI

153 273 338 299 maxumo
359 260 478 299 hodie
501 261 605 298 malo
626 260 756 297 hercle
778 265 912 297 uostro
933 259 1062 296 istunc
1083 257 1202 296 fertis.
1260 256 1416 296 mittite.

90 337 129 368 25
153 327 268 365 MEN.
300 333 416 365 teneo
445 339 519 376 ego
549 324 640 363 huic
673 325 843 363 oculum.
916 325 1023 362 MES.
1057 324 1142 362 face
1166 331 1208 362 ut
1237 323 1341 362 oculi
1370 324 1481 362 locus

1072 387 1111 426 in
1132 387 1261 437 capite
1281 394 1479 438 appareat.

151 470 222 495 uos
253 455 417 503 scelesti,
441 468 513 494 uos
535 467 704 505 rapaceS,
729 467 800 491 uos
825 454 1071 504 praedones!
1130 454 1204 491 Lo.
1233 451 1444 502 periimus!
1503 463 1590 501 1015

151 532 315 570 opsecro
339 519 493 557 hercle!
552 519 659 556 MEs
682 516 823 555 mittite
844 529 949 565 ergo.
1009 518 1125 555 ΜΕΝ.
1156 514 1253 565 quid
1274 528 1337 554 me
1365 513 1481 553 uobis
1611 514 1613 518 ’

1294 579 1450 619 tactiost
1465 581 1482 618 ?

152 659 265 702 pecte
312 648 464 700 pugnis.
540 649 645 685 MES.
682 647 783 697 agite
814 646 930 694 abite,
967 646 1087 696 fugite
1127 644 1219 684 hinc
1258 645 1297 683 in
1336 646 1480 683 malam

1310 723 1479 749 crucem.

152 794 214 819 em
237 780 306 819 tibi
328 779 445 818 etiam
463 782 469 817 ἔ
499 777 592 828 quia
611 785 833 828 postremus
854 776 973 824 cedis,
997 777 1073 814 hoc
1093 774 1242 825 praemi
1263 776 1373 814 feres.

94 862 133 892 ,30
151 847 258 885 nimi'
280 847 381 884 bene
402 858 469 883 ora
488 842 727 882 commetaui
748 850 868 893 atque
887 856 934 881 ex
954 856 1042 880 mea
1061 841 1266 880 sententia.

152 913 309 961 edepol,
330 923 404 957 ere,
428 922 477 947 ne
498 907 569 947 tibi
590 907 790 958 suppetias
812 906 977 958 temperi
997 906 1142 945 adueni
1163 906 1297 945 modo.
1506 922 1595 948 1020
1628 914 1691 932 Νι

155 978 270 1015 ΜΕΝ.
293 983 332 1014 at
348 974 418 1013 tibi
435 974 474 1013 di
491 987 655 1024 semper,
673 974 921 1021 adulescens,
935 972 1113 1023 quisquis
1134 986 1186 1020 es,
1202 971 1347 1010 faciant
1367 971 1481 1011 bene.

155 1055 245 1080 nam
270 1053 420 1091 apsque
448 1040 516 1078 ted
540 1038 653 1086 esset,
677 1038 796 1078 hodie
826 1051 1044 1089 numquam
1068 1039 1119 1077 ad
1147 1039 1269 1076 solem
1299 1050 1484 1075 oceasum

1293 1101 1480 1141 uiuerem.

156 1175 261 1212 Msss.
294 1186 385 1222 ergo
405 1171 558 1221 edepol,
582 1169 613 1207 si
634 1176 738 1208 recte
757 1168 890 1217 facias,
910 1182 986 1216 ere,
1009 1169 1101 1208 med
1122 1168 1277 1207 emittas
1299 1181 1429 1205 manu.

95 1248 133 1280 35
156 1240 270 1276 ΜΕΝ.
304 1237 466 1275 liberem
496 1248 570 1284 ego
594 1235 661 1273 te?
732 1235 837 1272 MEs.
860 1247 1008 1281 uerum,
1040 1232 1382 1284 quandoquidem,
1409 1245 1484 1279 ere,

847 1307 886 1339 te
906 1299 1071 1338 seruaui.
1132 1301 1247 1338 ΜΕΝ.
1279 1298 1376 1349 quid
1396 1300 1485 1338 est?

152 1370 396 1414 adulescens,
428 1381 541 1405 erras.
602 1368 707 1404 MES.
750 1365 858 1416 quid,
894 1367 1009 1404 erro?
1076 1366 1191 1403 ΜΕΝ.
1234 1377 1303 1414 per
1342 1365 1481 1403 Iouem
1506 1377 1594 1413 1025

1161 1429 1299 1468 adiuro
1319 1436 1482 1480 patrem,

156 1502 247 1539 med
267 1513 375 1538 erum
398 1506 509 1537 tuom
537 1511 616 1537 non
639 1511 734 1536 esse.
796 1498 902 1535 MES.
934 1510 1015 1535 non
1045 1497 1182 1534 taces?
1252 1497 1368 1533 ΜΕΝ.
1403 1508 1484 1533 non

1291 1560 1460 1600 mentior
1477 1575 1487 1609 3

154 1645 228 1670 nec
249 1631 351 1670 meu'
371 1642 505 1668 seruos
526 1641 745 1678 numquam
766 1629 843 1666 tale
864 1627 956 1666 fecit
977 1629 1093 1678 quale
1113 1635 1155 1666 tu
1176 1626 1284 1667 mihi.

155 1698 260 1735 MEs.
293 1695 348 1734 sic
369 1695 452 1733 sine
473 1693 597 1744 igitur,
621 1693 650 1731 si
673 1700 785 1731 tuom
805 1706 925 1743 negas
947 1707 1010 1732 me
1030 1694 1127 1741 esse,
1149 1692 1258 1732 abire
1277 1692 1458 1732 liberum.

92 1775 136 1807 40
156 1763 270 1799 ΜΕΝ.
288 1774 374 1799 mea
390 1759 550 1810 quidem
564 1760 696 1797 hercle
709 1771 848 1796 caussa
859 1758 958 1797 liber
970 1765 1055 1796 esto
1067 1765 1186 1808 atque
1199 1757 1254 1797 ito
1267 1771 1348 1808 quo
1361 1759 1483 1797 uoles.

155 1829 259 1865 Mes.
291 1827 422 1876 nemp'
443 1824 554 1863 iubes
569 1825 587 1862 ?
658 1825 772 1862 MEN.
795 1822 914 1862 iubeo
934 1824 1076 1871 hercle,
1099 1823 1130 1862 si
1151 1823 1247 1874 quid
1267 1823 1406 1874 imperi
1426 1830 1485 1862 est
1506 1835 1597 1872 1030

1255 1888 1295 1927 in
1315 1896 1354 1928 te
1374 1887 1481 1927 mihi.

156 1959 260 1996 MEs.
292 1958 412 2004 salue,
433 1955 487 1993 mi
507 1963 681 2006 patrone.
745 1959 754 1975 ‘
767 1969 889 2006 quom
911 1963 952 1993 tu
973 1955 1071 1994 liber
1090 1969 1143 2002 es,
1169 1954 1383 2001 Messenio,

152 2024 332 2073 gaudeo.’
388 2022 507 2060 credo
528 2023 659 2060 hercle
680 2020 806 2060 uobis.
867 2022 948 2068 sed,
971 2028 1146 2071 patrone,
1170 2028 1209 2059 te
1229 2033 1406 2070 opsecro,

154 2102 204 2126 ne
224 2087 354 2125 minus
374 2086 542 2136 imperes
565 2086 661 2124 mihi
682 2099 802 2136 quam
824 2099 945 2136 quom
968 2093 1056 2124 tuos
1078 2099 1212 2124 seruos
1232 2085 1297 2124 fui.

200 2202 282 2231 1013
307 2192 398 2223 herc.
417 2192 494 2222 hod.
515 2201 578 2221 ma.
593 2190 697 2221 Bothe
830 2200 914 2229 1019
937 2190 1039 2220 nimis
1048 2189 1173 2221 Bothe:
1193 2180 1299 2221 {Rs
1314 2187 1402 2231 [aut]
1417 2189 1486 2222 cod.

157 2247 240 2267 1020
277 2240 431 2275 tempore
459 2234 523 2265 cod,
677 2244 762 2264 1022
794 2234 844 2264 vel
865 2233 959 2273 apsq’
1112 2243 1194 2273 1027
1230 2244 1388 2274 umquam
1412 2233 1487 2266 ΡΠ)

156 2281 239 2310 1028
263 2279 313 2310 vel
342 2280 420 2310 med
544 2280 619 2318 post
646 2278 730 2308 1028
761 2277 794 2307 in
826 2277 860 2308 P
887 2278 1043 2318 leguntur
1069 2287 1119 2308 vv.
1153 2287 1302 2318 1037—43
1330 2288 1392 2308 suo
1420 2277 1488 2308 loco

155 2323 318 2354 redeuntes
358 2324 384 2363 (ἒ
397 2322 492 2363 prius
525 2321 642 2351 omissi
679 2324 811 2362 propter
847 2319 1032 2352 homoeotel.
1073 2322 1325 2361 marsuppium;
1372 2321 1404 2353 ii.
1446 2320 1484 2363 6)

158 2377 284 2405 1031-2
307 2366 379 2398 vide
401 2376 441 2396 ne
464 2364 518 2396 illa
551 2365 799 2404 patrone—sed
823 2368 957 2406 propter
977 2363 1248 2395 homoeoteleuton
1275 2364 1489 2396 interciderint

156 2411 189 2441 in
212 2411 259 2447 A,
285 2410 344 2450 qui
365 2410 447 2440 inter
474 2419 524 2440 vv.
555 2409 639 2439 1026
662 2411 692 2438 et
724 2418 807 2447 1034
831 2419 896 2449 sex,
924 2418 990 2438 uon
1020 2411 1149 2449 septem,
1176 2419 1286 2439 versus
1313 2408 1490 2439 exln'bmlsse

157 2454 284 2485 videtur
