1737 2765
25 168 71 205 V.
93 166 122 203 ii
515 167 561 203 Τ.
595 165 774 202 MACCI
808 167 1009 203 PLAVTI

149 292 286 317 uerum
308 285 366 317 est
387 279 522 316 modu'
543 284 687 324 tamen,
706 278 839 327 quoad
861 277 939 327 pati
961 291 1121 316 uxorem
1141 283 1295 327 oportet
1314 291 1324 323 ;

35 357 77 379 20
149 357 223 382 nec
242 344 309 393 pol
329 343 408 381 filia
427 356 618 392 umquam
638 349 789 392 patrem
809 342 971 381 accersit
991 343 1042 381 ad
1061 356 1104 381 se
1443 353 1512 387 770

202 408 276 446 nisi
296 415 363 446 aut
383 407 480 458 quid
500 406 703 445 commissi
721 414 790 445 aut
809 407 906 457 iurgi
927 415 984 446 est
1004 421 1153 447 caussa.

147 474 218 512 sed
239 473 279 512 id
300 472 496 524 quidquid
517 479 575 510 est
595 471 673 509 iam
695 471 828 510 sciam.
887 479 1007 522 atque
1027 486 1161 510 eccam
1182 485 1342 522 eampse

92 546 184 577 ante
203 538 312 577 aedis
333 545 371 577 et
392 537 475 576 eius
496 537 646 576 tristem
668 537 797 576 uirum
824 537 953 576 uideo.
1015 537 1054 577 id
1085 545 1143 576 est
1163 539 1272 588 quod
1302 536 1424 586 suspi-
1443 549 1560 584 773—4

1294 602 1420 640 cabar.

36 684 74 716 25
92 669 302 719 appellabo
336 669 449 706 hane.
511 669 594 705 ΜΛ.
629 667 696 706 ibo
729 669 953 706 aduorsum.
1015 670 1122 706 salue
1154 669 1332 714 multum,
1370 666 1423 703 mi
1443 674 1509 709 775

1303 739 1422 782 pater.

94 801 159 839 SE.
192 801 299 839 salua
320 799 382 838 sis.
442 800 579 838 saluen
599 798 803 838 aduenio?
831 801 967 839 saluen
988 798 1134 837 accersi
1155 798 1266 836 iubes
1282 799 1300 835 ?

92 865 190 915 quid
211 873 251 903 tu
273 864 391 903 tristis
411 866 486 903 es?
514 864 611 914 quid
632 863 697 902 ille
715 871 849 902 autem
870 878 940 914 aps
961 871 999 902 te
1019 864 1138 902 iratus
1159 862 1340 901 destitit?

93 929 326 979 nescioquid
347 942 418 967 uos
440 928 589 968 uelitati
611 928 703 967 e'stis
724 928 824 967 inter
844 942 916 967 uos
937 930 1049 968 duos.

93 996 265 1044 loquere,
288 1002 373 1032 uter
393 993 589 1032 meruistis
611 995 780 1043 culpam,
805 993 951 1044 paucis,
974 1007 1055 1032 non
1075 995 1214 1045 longos
1234 995 1356 1044 logos.

32 1073 74 1103 30
95 1061 178 1098 ΜΑ.
210 1073 405 1110 nusquam
427 1059 614 1109 equidem
641 1059 856 1109 quicquam
883 1059 1055 1110 deliqui:
1085 1061 1162 1098 hoc
1186 1059 1356 1110 primum
1385 1065 1425 1096 te
1444 1058 1513 1099 730

1100 1126 1279 1175 apsoluo,
1302 1131 1421 1174 pater.

91 1203 229 1229 uerum
251 1189 384 1229 uiuere
406 1190 469 1228 hic
490 1203 571 1228 non
593 1203 755 1240 possum
777 1202 907 1239 neque
928 1190 1067 1228 durare
1088 1190 1169 1227 ullo
1189 1190 1322 1227 modo.

91 1255 204 1305 proin
225 1262 266 1293 tu
289 1269 351 1294 me
371 1255 464 1293 hinc
484 1255 671 1293 abducas.
723 1256 787 1292 SE.
810 1254 907 1304 quid
928 1253 1028 1292 istuc
1047 1261 1180 1292 autem
1201 1255 1289 1292 est?
1336 1254 1421 1291 MA.

1096 1319 1278 1367 ludibrio,
1300 1326 1420 1369 pater,

92 1386 250 1425 habeor.
310 1388 373 1425 SE.
404 1387 540 1424 unde?
597 1387 682 1424 MA.
704 1386 755 1424 ab
775 1385 843 1424 illo
863 1385 957 1436 quoi
979 1399 1042 1424 me
1062 1383 1314 1433 mandauisti,
1333 1397 1424 1422 meo

1326 1448 1425 1488 uiro.

93 1518 156 1555 SE.
189 1530 282 1556 ecce
301 1524 433 1555 autem
454 1516 620 1567 litigium
638 1520 644 1554 Ξ
702 1516 886 1566 quotiens
908 1518 1068 1555 tandem
1095 1516 1100 1567 Ι
1127 1515 1229 1555 edixi
1250 1514 1322 1553 tibi

33 1596 72 1628 35
93 1589 135 1620 ut
155 1595 314 1620 caneres
335 1589 473 1620 neuter
492 1582 543 1620 ad
565 1595 628 1619 me
650 1580 755 1619 iretis
776 1595 867 1619 cum
888 1581 1165 1631 querimonia?
1444 1584 1511 1628 785

94 1649 177 1686 MA.
209 1648 277 1698 qui
311 1661 383 1698 ego
418 1647 528 1694 istuc,
566 1647 619 1685 mi
658 1654 778 1697 pater,
811 1661 953 1686 cauere
985 1648 1180 1698 possum?
1236 1648 1300 1686 SE.
1331 1660 1423 1685 men

1178 1717 1392 1768 interrogas
1407 1718 1425 1755 ?

92 1785 176 1822 MA.
209 1783 282 1822 nisi
317 1796 398 1822 non
429 1782 500 1822 uis.
560 1785 624 1823 SE.
670 1783 855 1834 quotiens
894 1783 1111 1823 monstraui
1149 1783 1220 1822 tibi
1259 1783 1344 1821 uiro
1382 1790 1424 1820 ut
1444 1786 1559 1830 787-8

1130 1863 1280 1888 morem
1299 1861 1420 1899 geras,

92 1915 188 1966 quid
209 1914 273 1954 ille
294 1914 410 1953 faciat
431 1916 481 1954 ne
502 1914 542 1953 id
564 1928 764 1965 opserues‚
784 1916 866 1966 qu6
886 1923 960 1963 eat,
983 1917 1081 1966 quid
1101 1928 1229 1954 rerum
1248 1921 1366 1965 gerat.

30 1995 72 2025 40
94 1981 177 2018 MA.
208 1987 248 2018 at
274 1979 380 2018 enim
408 1979 472 2018 ille
501 1979 594 2018 hinc
621 1987 727 2018 amat
748 1979 995 2019 meretricem
1023 1994 1070 2019 ex
1093 1992 1296 2030 proxumo.
1355 1979 1420 2016 SE.
1442 1983 1513 2020 790

1209 2058 1304 2083 sane
1323 2043 1424 2095 sapit

90 2118 209 2161 atque
229 2111 283 2150 ob
303 2110 427 2149 istanc
448 2110 681 2149 industriam
704 2110 820 2149 etiam
844 2112 932 2150 faxo
952 2111 1101 2150 amabit
1120 2110 1300 2161 amplius.
1362 2106 1365 2107 ⁷

137 2215 200 2254 769
224 2225 290 2254 quo
307 2215 339 2245 id
356 2214 404 2244 B²
538 2226 597 2254 771
624 2215 680 2246 vix
694 2214 794 2255 iurigi
885 2215 1017 2258 (iusta)
1042 2225 1143 2247 causa
1160 2177 1293 2255 Lem
1307 2214 1429 2255 integer

93 2261 219 2290 tetram.
231 2259 300 2298 fiat
431 2268 492 2298 772
518 2259 679 2298 quicquid
702 2259 734 2289 id
752 2258 816 2290 cod.
836 2270 843 2290 ε
871 2260 942 2291 trm'.
959 2259 1062 2290 Bothe
1194 2268 1268 2298 773,
1286 2268 1348 2298 774
1372 2257 1432 2289 alii

83 2302 220 2341 faciunt
245 2302 349 2334 bacch.
377 2305 502 2334 tetram,
529 2307 608 2332 ante
625 2320 667 2326 -
684 2302 786 2333 uideo
813 2303 933 2344 (immo
957 2303 1067 2342 uideo,
1095 2303 1144 2344 id)
1169 2306 1198 2333 et
1219 2302 1321 2334 bacch.
1340 2301 1423 2333 dim.

93 2345 126 2376 id
145 2346 267 2387 <immo
284 2345 352 2387 est)
369 2364 413 2369 —
428 2345 623 2384 suspicabar
641 2345 706 2386 (vel
720 2346 818 2377 iamb.
839 2346 918 2377 dim.
937 2347 1032 2378 catal.
1053 2347 1086 2377 id
1102 2364 1145 2369 -
1160 2347 1271 2387 susp.)
1364 2354 1426 2385 775

92 2390 274 2420 aduorsum
291 2389 453 2429 Pylades:
478 2399 615 2420 norsum
627 2389 691 2421 cod.
798 2392 860 2429 778
884 2389 999 2421 neliati
1010 2389 1076 2421 cod.
1144 2389 1195 2421 vel
1208 2390 1273 2420 duo
1362 2399 1427 2428 779

92 2433 192 2473 pauci
212 2432 277 2464 cod.
370 2432 463 2463 locos
479 2432 544 2464 cod.
681 2434 742 2472 784
766 2432 876 2476 (ego)
894 2434 984 2465 edixi
1009 2433 1060 2465 vel
1073 2432 1151 2476 (id)
1167 2434 1221 2466 ed.
1242 2432 1371 2464 Ritsclzl
