1737 2765
742 148 1096 187 MENAECHMI
1605 160 1718 187 PROL.

251 259 466 296 Tarentum
487 256 617 295 auexit
636 269 770 295 secum
791 258 842 295 ad
864 264 1076 294 mercatum
1098 256 1225 302 simul,

252 323 361 362 illum
383 322 535 373 reliquit
556 324 719 361 alterum
741 324 847 372 apud
871 330 1032 360 matrem
1054 322 1174 360 domi.

251 390 412 429 Tarenti
433 389 537 428 ludei
559 391 657 428 forte
677 398 786 428 erant
807 403 927 439 quom
951 389 1040 427 illuc
1062 389 1180 427 uenit.

188 469 235 504 30
252 456 434 494 mortales
457 454 579 501 multi,
603 463 644 493 ut
665 455 716 493 ad
737 456 863 501 ludos,
886 462 1177 492 conuenerant:
1598 469 1638 498 30

250 532 348 570 puer
366 519 559 558 aberrauit
581 519 680 558 inter
701 519 882 558 homines
901 533 923 558 a
945 528 1062 569 patre.

254 583 572 635 Epidamniensis
594 584 756 634 quidam
779 583 831 621 ibi
855 592 1046 622 mercator
1067 583 1149 631 suit,

251 648 283 687 is
303 662 467 699 puerum
489 649 588 686 tollit
608 649 822 698 auehitque
845 648 1136 698 Epidamnium.

251 722 360 764 pater
378 713 461 752 eius
481 722 612 752 autem
635 721 843 764 postquam
867 727 1028 763 puerum
1051 713 1234 763 perdidit,

188 787 230 823 35
249 778 425 816 animum
447 778 659 828 despondit
681 792 805 828 eaque
826 778 856 816 is
877 778 1119 828 aegritudine
1600 794 1637 825 35

249 843 384 894 paucis
405 843 545 882 diebus
566 852 654 893 post
676 842 836 881 Tarenti
858 852 1084 881 emortuost.

249 916 460 959 postquam
481 910 691 958 Syracusas
712 909 763 947 de
784 922 829 947 ea
850 922 888 947 re
909 908 1021 947 rediit
1043 908 1202 947 nuntius

248 974 300 1012 ad
319 986 437 1012 auom
458 987 681 1024 puerorum,
703 987 867 1024 puerum
889 981 1110 1024 surruptum
1131 975 1296 1012 alterum

249 1046 481 1089 patremque
501 1038 611 1090 pueri
632 1039 793 1078 Tarenti
819 1038 823 1090 Ι
850 1052 935 1077 esse
955 1046 1188 1085 emortuom,

184 1117 232 1151 40
249 1102 431 1142 immutat
450 1117 598 1143 nomen
617 1117 715 1158 auos
735 1105 827 1143 hu'i'c
846 1103 1004 1154 gemino
1023 1103 1131 1148 alteri
1148 1118 1158 1151 ;
1595 1118 1637 1148 40

248 1167 302 1206 ita
320 1167 431 1207 illurn
451 1169 585 1214 dilexit
605 1168 673 1219 qui
694 1176 913 1219 surruptust
931 1169 1095 1207 alterum
1113 1183 1120 1205 :

248 1232 350 1272 illius
370 1247 518 1273 nomen
539 1233 638 1273 indit
659 1233 713 1272 illi
734 1233 801 1284 qui
821 1233 931 1272 domi
951 1241 1019 1280 est,

249 1298 526 1346 Menaechmo,
550 1298 657 1338 idem
678 1300 786 1349 quod
806 1298 916 1338 alteri
936 1312 1082 1337 nomen
1103 1297 1174 1336 fuit
1188 1312 1199 1346 ς

247 1370 286 1402 et
305 1363 413 1414 ipsus
433 1365 576 1404 eodem
597 1371 655 1403 est
675 1365 763 1403 auo'
782 1371 947 1403 uocatus
967 1363 1128 1402 nomine

184 1440 227 1477 45
249 1427 473 1479 (propterea
493 1428 594 1468 illius
615 1442 762 1468 nomen
784 1428 946 1467 memini
967 1428 1129 1476 facilius,
1597 1444 1640 1476 45

249 1493 342 1544 quia
360 1493 470 1533 illum
491 1496 662 1534 clamore
682 1494 765 1534 uidi
786 1494 1019 1545 flagitarier).

249 1572 300 1598 ne
319 1572 411 1598 mox
431 1559 574 1608 erretis,
597 1560 675 1598 iam
695 1573 803 1599 nunc
823 1559 1008 1611 praedico
1029 1559 1158 1610 prius:

248 1623 355 1664 idem
376 1632 434 1664 est
453 1626 650 1665 ambobus
672 1639 819 1664 nomen
840 1624 1006 1675 geminis
1026 1624 1217 1663 fratribus.

248 1703 354 1748 nunc
375 1690 414 1728 in
436 1691 706 1742 Epidamnum
727 1690 896 1742 pedibus
917 1691 1163 1728 redeundum
1184 1697 1242 1729 est
1263 1689 1370 1736 mihi,

185 1767 232 1805 5ο
248 1762 291 1794 ut
310 1756 413 1795 hanc
432 1770 514 1796 rem
531 1757 647 1796 uobis
667 1755 904 1796 examussim
925 1755 1134 1806 disputem.
1600 1770 1640 1802 50

248 1819 280 1859 si
300 1821 387 1871 quis
405 1822 504 1873 quid
524 1830 698 1862 uestrum
722 1821 991 1873 Epidamnum
1013 1819 1135 1859 curari
1157 1819 1229 1858 sibi

247 1885 353 1934 uelit,
374 1888 561 1927 audacter
581 1887 773 1939 imperato
794 1895 832 1926 et
853 1886 985 1933 dicito,

246 1952 317 1991 sed
337 1951 391 1991 ita
410 1960 452 1992 ut
471 1954 540 1993 det
560 1955 667 1993 unde
688 1953 812 1993 curari
833 1951 874 1991 id
895 1951 1017 2003 possit
1038 1951 1122 1990 sibi.

247 2035 339 2061 nam
359 2022 434 2062 nisi
453 2024 521 2074 qui
540 2032 745 2075 argentum
766 2023 930 2070 dederit,
954 2036 1075 2073 nugas
1095 2021 1214 2072 egerit
1229 2036 1240 2070 5

185 2098 225 2135 55
247 2086 315 2137 qui
334 2089 498 2137 dederit,
522 2090 635 2140 magi'
657 2090 823 2128 maiores
845 2102 967 2139 nugas
988 2088 1118 2139 egerit.
1596 2102 1612 2133 5
1619 2102 1635 2133 5

293 2203 333 2233 31
360 2193 449 2225 inter
463 2194 618 2226 homines
635 2194 806 2225 aberrauit
817 2193 883 2224 cod.
898 2205 904 2224 :
921 2194 991 2224 tras.
1008 2192 1181 2224 Act'dalius
1289 2201 1330 2230 33
1355 2190 1573 2230 Epidamnum

247 2248 324 2269 eum
341 2236 479 2279 Seyffert
608 2248 649 2278 35
674 2249 715 2269 ea
730 2238 807 2277 quis
826 2236 896 2268 cod.
981 2240 1056 2277 post
1079 2238 1123 2274 36
1144 2235 1279 2266 insemit
1301 2234 1428 2266 Schoell
1445 2244 1575 2264 versmn

246 2292 344 2321 quem
355 2280 547 2322 Fulgentius
563 2292 596 2322 p.
615 2291 680 2322 559
696 2281 743 2312 ad
761 2281 926 2312 ‘Plautum
947 2281 978 2311 in
1000 2279 1231 2311 Menaechmis
1251 2278 1442 2310 comoedia·
1463 2276 1574 2316 refrt-t:

247 2326 332 2356 sicut
348 2324 527 2365 pollinctor
540 2326 634 2364 dixit,
653 2326 710 2364 qui
727 2335 804 2356 eum
822 2324 1027 2364 pollinxerat
1045 2324 1094 2364 (qs.
1115 2322 1214 2355 Pom.
1226 2323 1308 2363 prvl.
1326 2321 1384 2360 63)
1533 2329 1575 2357 39

244 2379 291 2400 an
307 2369 411 2400 fuisse
425 2370 436 2401 ἓ
479 2368 550 2400 Sed
562 2369 700 2400 Tarenti
717 2372 903 2409 suspectum
920 2368 967 2407 (v.
989 2370 1020 2407 ι)
1163 2376 1202 2405 41
1228 2366 1281 2397 vel
1294 2365 1393 2395 illunc
1533 2371 1571 2410 5{

246 2412 424 2452 Epidamni
441 2410 516 2443 Ital.
675 2423 716 2451 54
740 2413 796 2451 qui
812 2410 1016 2442 Beroaldus:
1041 2410 1095 2449 qui
1116 2410 1215 2450 [nonl
1234 2408 1296 2439 cod.
1453 2415 1493 2444 55
1517 2415 1571 2444 qui

245 2455 404 2495 Pylades:
430 2457 524 2498 [nam
544 2455 624 2497 nisi]
642 2457 697 2495 qui
715 2455 780 2486 cod.
801 2457 855 2495 (ex
870 2465 898 2486 v.
917 2463 978 2493 54;
1004 2454 1046 2484 iv.
1065 2455 1098 2492 3)
1190 2452 1239 2482 vel
1253 2462 1348 2489 mage
