1737 2765
48 150 102 187 II.
123 149 169 186 iii
539 149 586 186 T.
620 148 799 188 MACCI
831 148 1034 185 PLAVTI

121 263 238 300 ΜΕΝ.
271 275 400 312 neque
427 275 500 310 ego
528 261 637 299 illum
665 273 808 299 manco
835 274 964 310 neque
991 259 1104 298 flocci
1132 258 1234 298 facio
1258 272 1398 309 neque,
1421 257 1452 296 si

1289 323 1451 370 uenerit,

123 406 213 431 eum
234 394 327 431 uolo
348 392 563 431 intromitti.
624 394 697 430 ER.
731 399 881 430 ecastor
901 393 1007 430 haud
1029 390 1152 429 inuita
1171 392 1311 429 fecero.

66 467 106 500 70
124 459 193 496 sed
215 457 297 495 scin
318 457 414 507 quid
435 464 473 495 tc
493 457 638 495 amabo
659 464 700 494 ut
728 456 875 495 facias?
951 458 1066 494 ΜΕΝ.
1098 455 1247 505 impera
1273 454 1369 504 quid
1393 452 1453 492 uis
1471 465 1538 503 425

1320 520 1452 558 modo.

124 589 198 626 ER.
231 590 374 638 pallam
401 587 506 626 illam
534 601 653 638 quam
684 588 835 625 dudum
857 587 1032 633 dederas,
1055 586 1107 625 ad
1133 585 1391 636 phrygionem
1413 591 1455 622 ut

1288 651 1456 697 deferas,

123 725 165 755 ut
185 717 486 756 reconcinnetur
505 724 625 767 atque
645 724 687 755 ut
708 730 827 766 opera
846 718 1042 755 addantur
1062 729 1164 765 quae
1185 716 1288 754 uolo.

123 784 238 820 ΜΕΝ.
270 784 399 821 hercle
419 782 486 832 qui
508 790 549 820 tu
570 789 675 820 recte
696 781 793 820 dicis
811 796 818 819 :
848 782 988 819 eadem
1015 780 1019 832 l
1046 780 1302 830 ignorabitur,

122 861 172 885 ne
193 860 288 885 uxor
308 853 520 896 cognoscat
542 854 579 885 te
600 847 755 893 habere,
779 845 811 883 si
833 845 872 883 in
893 845 958 883 uia
978 845 1235 895 conspexerit.

66 919 104 952 75
124 912 197 949 ER.
244 924 335 961 ergo
380 924 471 950 mox
512 912 663 950 auferto
708 917 850 957 tecum,
892 911 1053 960 quando
1098 909 1238 951 abibis.
1335 910 1451 948 MEN.
1472 924 1544 959 430

1259 988 1451 1013 maxume.

123 1044 196 1081 ER.
230 1055 364 1081 eamus
386 1041 498 1080 intro.
559 1043 673 1080 ΜΕΝ.
707 1041 783 1079 iam
808 1054 948 1091 sequar
975 1048 1023 1079 te.
1082 1041 1188 1079 htinc
1216 1042 1308 1079 uolo
1336 1040 1453 1079 etiarn

1253 1105 1452 1156 conloqui.
1514 1137 1517 1142 ,

123 1174 199 1211 eho
221 1172 434 1219 Messenio,
463 1171 467 1223 Ι
493 1173 639 1211 accede
655 1173 743 1210 huc.
803 1174 908 1210 MEs.
941 1171 1036 1221 quid
1054 1170 1185 1221 negoti
1202 1173 1290 1210 est?
1345 1175 1454 1212 †sus-
1471 1183 1590 1218 432—3

1322 1235 1452 1278 sciri†.

124 1304 239 1341 ΜΕΝ.
271 1302 367 1353 quid
389 1316 436 1341 eo
464 1304 610 1353 opust?
683 1303 788 1340 MEs.
825 1315 925 1352 opus
955 1303 1187 1340 est—MEN.
1220 1300 1302 1340 scio
1331 1308 1375 1340 ut
1403 1315 1454 1340 ne

827 1366 945 1406 dicas.
1006 1368 1114 1406 MEs.
1144 1374 1255 1405 tanto
1275 1366 1452 1418 nequior.

124 1435 240 1472 ΜΕΝ.
272 1434 401 1472 habeo
428 1434 638 1483 praedam:
682 1440 835 1471 tantum
867 1430 997 1482 incepi
1024 1430 1162 1482 operis
1213 1445 1245 1485 ὲ
1261 1439 1454 1482 quantum
1474 1439 1542 1477 435

1328 1504 1452 1547 potes,

64 1572 106 1603 80
123 1564 254 1603 abduc
275 1564 369 1602 istos
389 1563 430 1602 in
450 1564 653 1602 tabernam
674 1570 850 1601 actutum
871 1561 1152 1601 deuorsoriam.

123 1637 207 1667 tum
229 1629 346 1668 facito
365 1636 457 1668 ante
477 1631 601 1667 solem
622 1642 807 1667 occasum
828 1635 871 1666 ut
891 1628 1027 1667 uenias
1047 1630 1262 1668 aduorsum
1282 1628 1390 1667 mihi.

124 1696 230 1733 MEs.
261 1708 342 1734 non
375 1702 418 1733 tu
452 1694 545 1733 istas
578 1694 802 1733 meretrices
840 1694 998 1742 nouisti,
1035 1708 1109 1734 ere.
1197 1696 1314 1733 ΜΕΝ.
1355 1701 1453 1742 tace,

1215 1759 1377 1809 inquam
1435 1773 1453 1794 *

124 1825 221 1863 mihi
241 1825 401 1874 dolebit,
423 1839 505 1864 non
525 1825 607 1873 tibi,
631 1825 662 1864 si
684 1824 779 1875 quid
799 1838 873 1875 ego
894 1826 1011 1864 stulte
1031 1826 1171 1864 fecero.

125 1890 263 1929 mulier
275 1892 372 1929 haec
386 1892 503 1929 stulta
517 1898 636 1940 atque
649 1890 790 1929 inscita
802 1898 860 1929 est
875 1905 885 1939 3
913 1898 1106 1941 quantum
1122 1889 1303 1941 perspexi
1318 1884 1452 1938 modo,
1472 1906 1543 1940 440

65 1961 105 2002 85
125 1963 183 1993 est
220 1954 285 1994 hie
322 1957 469 2005 praeda
506 1954 633 1994 nobis.
693 1957 799 1995 MES.
839 1954 935 2006 perii
956 1957 962 1993 !
1001 1954 1133 1994 iamne
1170 1954 1286 1995 abis?
1340 1955 1454 2005 periit

1306 2020 1454 2070 probe:

167 2134 229 2164 427
247 2129 283 2156 ut
299 2124 371 2166 op.]
384 2136 450 2156 una
466 2135 520 2165 op.
541 2125 583 2166 (2)
599 2124 664 2156 Leo
767 2126 830 2164 428
853 2126 910 2167 qui
934 2136 1012 2158 corr.
1036 2125 1118 2165 quin
1136 2123 1203 2156 cod.
1221 2128 1260 2156 ut
1273 2124 1336 2157 vid.
1358 2126 1453 2167 (quin

123 2166 168 2206 Β,
185 2168 277 2205 quiin
293 2168 382 2207 PCD)
473 2169 591 2200 eadem
615 2168 699 2211 (ea)
723 2167 852 2200 Rz'tschl
1023 2179 1084 2208 431
1111 2173 1304 2208 sequzffl
1330 2167 1454 2212 (ante)

124 2210 263 2242 Mueller
279 2211 409 2252 (Rhein.
441 2210 531 2243 Mus.
556 2222 608 2252 54,
628 2212 709 2252 393)
820 2222 927 2252 432υ3
951 2213 1016 2244 huc
1033 2212 1159 2243 accede
1190 2211 1282 2243 Baclz
1380 2223 1453 2244 sus-

123 2253 176 2285 sili
206 2254 318 2295 Bothe,
349 2255 431 2294 fort.
464 2259 537 2286 recte
719 2266 783 2296 434
822 2266 862 2287 eo
888 2255 1052 2296 Pylades:
1077 2266 1142 2295 ego
1173 2255 1238 2287 cod.
1267 2256 1365 2297 (ergo
1392 2256 1453 2297 13²)

123 2307 167 2328 ne
191 2298 284 2329 dicas
307 2299 441 2340 scripSi:
467 2310 520 2329 me
544 2299 638 2331 dicas
660 2299 725 2332 cod.
817 2300 961 2339 nequior
975 2298 1168 2331 Acidalius:
1194 2300 1361 2339 nequiore
1384 2299 1451 2332 cod.

124 2341 159 2382 (i.
174 2342 209 2381 9)
363 2351 427 2382 435
453 2343 462 2373 i
482 2343 542 2384 (ei)
560 2343 741 2375 Gruterus:
766 2348 800 2374 et
816 2343 883 2375 cod.
904 2344 978 2385 (pro
995 2343 1042 2380 ei)
1204 2347 1318 2383 potest
1333 2342 1454 2375 Dousa

123 2386 189 2425 436
210 2386 260 2417 vel
271 2385 399 2417 abduce
521 2396 583 2426 437
608 2387 714 2418 solem
739 2386 950 2418 Lambinus:
982 2387 1064 2418 solis
1085 2385 1151 2418 cod.
1177 2385 1213 2425 (i.
1231 2388 1268 2429 9)
1388 2386 1453 2426 438

121 2428 245 2472 <atque
262 2430 340 2461 hinc
357 2430 432 2471 abi)
449 2429 577 2461 Ritsclzl
593 2431 639 2472 (ii.
661 2433 696 2469 5)
784 2441 849 2470 439
867 2430 949 2462 stult
965 2430 1031 2462 cod.
1051 2433 1145 2469 (corr.
1167 2429 1234 2473 3²)
