1737 2765
72 174 131 211 11.
146 174 191 211 iii
567 178 613 214 T.
648 178 826 216 MACCI
860 178 1063 214 PLAVTI

147 291 216 328 sed
237 289 320 329 sine
342 303 404 329 me
432 292 527 330 dum
556 291 657 329 hanc
684 292 931 342 compellare.
991 291 1088 330 heus
1109 290 1258 337 mulier,
1282 290 1352 329 tibi
1373 290 1474 329 dico

1168 358 1241 394 ER.
1274 355 1370 406 quid
1390 357 1477 394 est?

146 421 251 458 MES.
284 420 351 459 ubi
381 427 422 459 tu
447 422 553 460 hunc
583 421 786 460 hominem
808 421 982 459 nouisti?
1040 423 1115 459 ER.
1146 420 1293 459 ibidem
1323 420 1390 459 ubi
1411 420 1475 458 hic

1211 499 1274 523 me
1294 485 1371 523 iam
1391 485 1471 532 diu,

143 549 182 588 in
205 550 439 601 Epidamno.
491 553 596 589 MES.
629 550 668 589 in
691 550 947 601 Epidamno?
975 550 1043 600 qui
1063 551 1141 588 huc
1157 549 1197 588 in
1218 551 1320 588 hanc
1334 550 1473 588 urbem
1492 554 1562 597 380

1330 616 1471 666 pedem

141 679 215 718 nisi
236 679 355 719 hodie
376 693 593 730 numquam
615 680 718 719 intro
738 679 897 719 tetulit?
946 682 1019 718 ER.
1044 679 1157 718 heia!
1189 679 1349 719 delicias
1364 679 1469 719 facis.

82 761 122 791 30
142 745 194 783 mi
217 746 489 792 Menaechme,
513 745 621 795 quin,
643 745 798 792 amabo,
821 744 853 784 is
874 744 1005 783 intro?
1034 744 1098 784 hic
1119 745 1190 784 tibi
1211 744 1282 783 erit
1302 744 1454 784 rectius.

141 810 256 848 ΜΕΝ.
289 811 386 848 haec
413 809 573 860 quidem
608 811 751 860 edepol
786 817 889 849 recte
919 811 1091 861 appellat
1119 824 1209 849 meo
1236 824 1299 849 me
1333 809 1472 849 mulier

1296 874 1467 915 nomine.

139 939 245 978 nimi'
272 940 389 979 miror
409 939 505 990 quid
526 941 602 979 hoc
623 941 671 979 sit
692 940 834 991 negoti.
888 942 993 978 Mas.
1026 940 1179 980 oboluit
1200 939 1468 991 marsuppium

139 1004 230 1044 huic
258 1004 358 1044 istuc
384 1005 493 1055 quod
522 1005 655 1044 habes.
729 1007 843 1044 ΜΕΝ.
876 1013 995 1055 atque
1020 1006 1162 1056 edepol
1187 1013 1228 1043 tu
1250 1019 1313 1044 me
1333 1018 1470 1043 monu-
1489 1013 1554 1056 385

1250 1070 1313 1108 isti
1332 1069 1466 1121 probe.

136 1134 370 1185 accipedum
399 1135 487 1174 hoc.
544 1134 621 1173 iam
649 1135 760 1174 scibo
788 1143 917 1174 utrum
948 1137 1045 1174 haec
1073 1149 1136 1174 me
1161 1149 1273 1186 mage
1292 1143 1398 1174 amet
1416 1149 1467 1174 an

1186 1200 1468 1251 marsuppium.

78 1281 117 1313 35
138 1266 215 1304 ER.
246 1278 380 1304 eamus
401 1264 516 1313 intro,
532 1272 574 1303 ut
595 1266 870 1315 prandeamus.
944 1267 1061 1304 ΜΕΝ.
1091 1265 1194 1304 bene
1214 1279 1357 1304 uocas:
1387 1273 1467 1304 tam

1296 1338 1468 1381 gratiast.

136 1395 210 1433 ER.
237 1408 310 1445 qur
330 1394 444 1445 igitur
463 1408 527 1433 me
547 1394 619 1433 tibi
639 1394 783 1433 iussisti
804 1408 975 1446 coquere
995 1396 1148 1434 dudum
1170 1395 1378 1446 prandium
1392 1397 1410 1434 ?

135 1461 250 1498 MEN.
282 1473 383 1510 egon
413 1466 452 1498 te
480 1459 575 1498 iussi
604 1461 804 1510 coquere?
880 1461 955 1498 ER.
987 1467 1106 1507 certo,
1133 1460 1203 1499 tibi
1234 1467 1272 1498 et
1296 1459 1466 1511 parasito

1383 1532 1462 1564 tuo.

133 1591 250 1628 MEN.
280 1588 386 1640 quoi,
409 1590 567 1636 malum,
590 1589 790 1639 parasito?
827 1596 934 1628 certo
954 1590 1052 1628 haec
1074 1588 1214 1628 mulier
1232 1602 1314 1628 non
1334 1596 1466 1629 sanast
1483 1602 1553 1638 390

1358 1654 1461 1694 satis.

129 1721 204 1758 ER.
236 1719 437 1759 Peniculo.
516 1721 632 1759 ΜΕΝ.
664 1719 752 1771 quis
782 1720 855 1759 iste
887 1720 944 1759 est
972 1720 1213 1760 Peniculus?
1250 1719 1318 1770 qui
1345 1727 1464 1759 exter-

1127 1793 1267 1837 gentur
1287 1786 1463 1824 baxeae?

69 1863 111 1894 40
131 1851 204 1888 ER.
237 1849 385 1889 scilicet
405 1850 473 1901 qui
494 1851 647 1890 dudum
670 1858 801 1889 tecum
823 1850 942 1898 uenit,
966 1864 1088 1901 quom
1109 1852 1253 1902 pallam
1274 1850 1371 1888 mihi

128 1915 301 1954 detulisti
321 1912 440 1966 quam
461 1916 512 1955 ab
534 1930 654 1955 uxore
675 1924 743 1955 tua
763 1916 1006 1968 surrupuisti.
1067 1918 1182 1955 ΜΕΝ.
1214 1915 1311 1967 quid
1331 1918 1419 1955 est?

128 1981 198 2020 tibi
218 1983 362 2032 pallam
382 1982 475 2022 dedi
497 1996 618 2034 quam
639 1982 748 2022 uxori
769 1996 881 2022 meae
901 1982 1111 2034 surrupui?
1139 1996 1262 2021 sanan
1282 1983 1353 2022 es?

127 2054 232 2086 certe
250 2048 348 2086 haec
370 2048 509 2088 mulier
530 2048 762 2088 cantherino
782 2048 857 2087 ritu
883 2048 887 2099 Ι
913 2055 1044 2087 astans
1065 2047 1246 2087 somniat.
1477 2060 1543 2097 395

129 2113 203 2150 ER.
236 2111 303 2162 qui
323 2113 432 2152 lubet
453 2113 624 2153 ludibrio
645 2114 791 2152 habere
811 2127 875 2152 me
895 2120 1014 2164 atque
1034 2112 1088 2152 ire
1108 2113 1252 2151 infitias
1272 2112 1369 2151 mihi

66 2188 108 2221 45
127 2177 230 2216 facta
249 2191 350 2228 quae
370 2181 491 2218 sunt?
549 2181 664 2218 MEN.
696 2179 762 2219 dic
788 2179 885 2230 quid
906 2186 964 2218 est
990 2178 1031 2218 id
1052 2180 1161 2230 quod
1187 2185 1328 2230 negem
1348 2180 1458 2229 quod

1267 2244 1426 2283 fecerim
1441 2247 1459 2283 ?

136 2369 139 2371 ψ
170 2347 233 2386 378
257 2347 351 2378 dicos
366 2346 431 2379 cod.
454 2347 548 2388 (corr.
565 2347 630 2390 32)
762 2350 827 2388 384
852 2348 1002 2380 obuoluit
1019 2348 1084 2380 cod.
1105 2348 1198 2389 (corr.
1216 2347 1279 2390 13²)
1390 2358 1457 2388 390

127 2391 214 2421 malo
227 2390 295 2422 cod.
309 2392 400 2432 (corr.
420 2391 485 2432 B‘ss)
617 2403 678 2433 391
705 2392 756 2424 vel
769 2393 866 2424 istest
982 2402 1046 2432 395
1060 2392 1140 2432 foti.
1159 2393 1269 2424 canth.
1290 2403 1315 2424 r.
1335 2392 1457 2423 mulier
