1737 2765
64 155 109 192 V.
134 155 210 193 viii
551 159 596 195 T.
631 158 810 197 MACCI
844 158 1047 196 PLAVTI

134 274 345 319 postquam
379 271 592 308 aduorsum
629 269 682 308 mi
717 269 907 320 imperaui
938 276 980 308 ut
1009 270 1087 308 huc
1117 269 1301 309 uenires?
1357 271 1463 310 MEs.

1228 334 1324 386 quin
1345 337 1467 376 modo

134 398 281 449 erupui,
306 400 485 439 homines
508 400 574 451 qui
595 401 772 439 ferebant
793 406 830 438 te
852 399 1058 439 sublimem
1080 407 1273 451 quattuor,

132 465 239 514 apud
261 466 377 504 hasce
398 465 517 504 aedis.
569 472 610 503 tu
627 465 826 503 clamabas
843 465 962 504 deum
981 465 1099 503 fidem
1115 472 1235 515 atque
1256 464 1464 504 hominurn

1270 530 1461 579 omnium,

92 612 109 643 5
132 610 254 647 quom
275 610 348 646 ego
367 610 528 635 accurro
548 604 666 647 teque
686 595 808 646 eripio
829 595 879 644 ui,
903 597 1128 646 pugnando,
1151 595 1334 646 ingratiis.

132 661 185 699 ob
205 675 292 700 eam
314 676 409 709 rem,
430 662 521 712 quia
541 669 579 700 te
600 660 765 707 seruam,
789 674 852 699 me
872 660 1035 699 amisisti
1058 660 1235 700 liberum.
1487 675 1573 714 1055

133 740 255 777 quom
277 735 480 777 argentum
502 726 581 765 dixi
604 739 667 765 me
688 733 819 776 petere
840 734 879 764 et
902 739 1005 773 uasa,
1029 733 1071 764 tu
1093 733 1286 776 quantum
1306 733 1437 777 potest

132 792 428 842 praecucurristi
449 791 622 838 obuiam,
645 798 687 829 ut
708 805 809 841 quae
830 790 955 829 fecisti
977 790 1120 829 infitias
1140 804 1220 830 eas.

134 859 249 895 ΜΕΝ.
281 857 446 895 liberum
469 869 541 906 ego
562 863 600 895 te
620 856 714 894 iussi
734 855 871 894 abire?
928 857 1032 894 MEs.
1056 862 1174 894 certo.
1227 857 1341 895 MEN.
1366 856 1462 907 quin

1148 921 1461 960 certissumumst

74 1005 116 1030 10
134 996 265 1040 mepte
287 988 416 1040 potius
438 988 519 1027 fieri
540 1001 696 1027 seruom
718 1001 837 1038 quam
859 995 896 1026 te
918 1000 1108 1038 umquam
1130 987 1307 1026 emittam
1329 1001 1460 1026 manu.

67 1098 114 1136 ix
352 1098 751 1135 MENAECHMVS
791 1098 810 1135 Ι
924 1098 1223 1135 MESSENIO

546 1164 946 1200 MENAECHMVS
987 1162 1034 1200 II

188 1245 318 1283 ΜΕΝ]
358 1244 397 1283 Si
418 1244 535 1283 uoltis
556 1257 624 1294 per
644 1244 782 1282 oculos
803 1242 938 1290 iurare,
962 1242 1087 1281 nihilo
1106 1244 1237 1282 hercle
1257 1256 1304 1282 ea
1323 1256 1462 1282 caussa
1485 1246 1576 1281 1060

1339 1308 1461 1359 magis

184 1374 332 1414 facietis
363 1384 404 1414 ut
434 1389 507 1426 ego
537 1374 656 1413 hodie
686 1372 914 1424 apstulerim
945 1374 1089 1423 pallam
1120 1381 1158 1411 et
1187 1372 1346 1424 spinter,
1378 1387 1462 1424 pes-

1310 1451 1460 1477 sumae.

184 1508 289 1545 MEs.
322 1519 393 1557 pro
419 1505 459 1544 di
489 1505 739 1544 inmortales!
769 1503 865 1555 quid
891 1517 964 1554 ego
992 1503 1141 1542 uideo?
1199 1502 1333 1542 ΜΕΝ.2
1361 1503 1459 1554 quid

764 1569 910 1608 uides?
969 1570 1074 1606 MEs.
1106 1570 1313 1619 speculum
1333 1576 1455 1608 tuom.

131 1636 264 1676 MEN.²
291 1636 388 1687 quid
412 1634 545 1687 negoti
565 1637 656 1674 est?
714 1636 819 1672 MES.
852 1640 955 1672 tuast
975 1633 1116 1684 imago.
1175 1641 1255 1672 tam
1277 1634 1459 1673 consimi-

1082 1701 1154 1739 lest
1175 1713 1294 1751 quam
1315 1707 1456 1751 potest.

89 1782 106 1813 5
130 1768 264 1806 ΜΕΝ.2
282 1768 349 1818 pol
369 1768 546 1817 profecto
562 1767 669 1805 haud
691 1774 748 1805 est
769 1765 980 1813 dissimilis,
999 1779 1127 1804 meam
1149 1779 1271 1816 quom
1291 1767 1457 1805 formam

1289 1831 1454 1870 noscito.

130 1897 258 1936 ΜΕΝ.1
291 1912 315 1936 o
335 1899 579 1944 adulescenS,
602 1899 721 1944 salue,
745 1897 813 1948 qui
834 1911 897 1936 me
918 1897 1133 1944 seruauisffi,
1156 1896 1334 1947 quisquis
1355 1910 1408 1936 es.
1479 1901 1566 1948 1065

129 1965 233 2002 MES.
265 1964 508 2010 adulescens,
528 1976 676 2013 quaeso
693 1963 824 2001 hercle
839 1964 1025 2012 eloquere
1045 1969 1157 2000 tuom
1177 1961 1274 2000 mihi
1294 1975 1453 2010 nomen,

1241 2026 1314 2066 nisi
1337 2027 1454 2078 piget.

128 2094 261 2133 ΜΕΝ.1
289 2106 371 2132 non
393 2094 535 2142 edepol
556 2093 609 2131 ita
622 2092 870 2144 promeruisti
887 2093 937 2131 de
953 2106 1016 2131 me
1032 2100 1075 2131 ut
1090 2091 1220 2143 pigeat
1235 2089 1454 2143 quaeTseHs

173 2207 256 2236 1052
280 2207 379 2237 quom
395 2197 521 2228 Rz'tsclzl
609 2202 642 2228 te
659 2197 719 2227 fer.
739 2196 802 2228 cod.
821 2208 828 2227 ι
852 2196 924 2226 irai.
941 2197 1102 2227 Gruterus
1191 2176 1367 2228 sfflem
1381 2196 1456 2227 pm

130 2251 211 2280 1054
236 2241 269 2271 ui
284 2242 465 2279 pugnando
482 2241 705 2271 Camerarius:
731 2239 819 2282 [uell
834 2240 1053 2279 impugnando
1069 2240 1128 2278 (Β)
1146 2240 1200 2280 (iv.
1213 2241 1248 2281 3)
1267 2240 1454 2280 veloppug-

127 2286 240 2316 nando
259 2284 364 2323 (PCD)
384 2284 450 2315 cod.
592 2286 674 2323 1058
698 2285 777 2324 quin
795 2284 1001 2314 saracenus:
1025 2283 1077 2314 cui
1095 2283 1160 2314 cod.
1301 2286 1380 2314 1061
1407 2284 1458 2315 vel

128 2330 175 2360 uti
263 2327 386 2370 (hine)
405 2328 506 2359 hodie
524 2327 649 2358 Ritsclael
782 2330 863 2366 1063
888 2333 976 2358 tuast
998 2326 1071 2359 Ital.
1090 2339 1096 2358 :
1123 2332 1226 2358 tumst
1242 2327 1307 2358 cod.
1330 2328 1380 2367 (M
1392 2332 1455 2367 pro

127 2373 173 2413 A)
264 2372 456 2403 consiliaest
477 2372 675 2413 (consimilis
691 2377 741 2402 est
758 2372 823 2410 ΒΖ)
842 2382 939 2411 quarn
952 2370 992 2409 P,
1007 2374 1044 2401 ut
1058 2370 1122 2402 vid.
1139 2383 1145 2401 ε
1171 2371 1362 2403 consimiles
1382 2372 1415 2413 (i.
1428 2382 1452 2402 e.

129 2414 220 2453 -le's)
245 2420 403 2456 quantum
432 2416 476 2451 A,
509 2419 545 2445 nt
569 2416 630 2446 w‘d.
800 2417 881 2453 1064
906 2425 1007 2454 quom
1032 2414 1223 2445 Acidalius:
1258 2425 1358 2454 quam
1387 2414 1451 2445 cod.

132 2461 319 2499 1066-1131
338 2459 420 2491 deest
434 2460 466 2489 A
574 2461 655 2490 1066
672 2459 832 2498 eloquere
849 2458 1019 2489 Fleckeisen
1033 2470 1039 2489 ε
1066 2458 1205 2498 loquere
1222 2458 1282 2489 cod
1353 2459 1453 2498 piger

128 2515 205 2536 corr.
224 2505 318 2544 piget
335 2503 400 2535 cod.
420 2507 456 2534 ut
470 2503 533 2535 vid.
671 2504 752 2542 1067
779 2503 934 2543 medepol
951 2502 1015 2533 cod.
1031 2502 1123 2543 (corr.
1143 2501 1176 2532 Β
1182 2501 1211 2543 2)
