1737 2765
745 142 1098 182 MENAECHMI
1524 148 1575 185 11.
1595 148 1638 185 iil

259 255 333 293 ER.
371 256 511 305 pallam
548 262 585 292 te
620 254 739 293 hodie
771 254 864 292 milii
899 255 1055 294 dedisse
1090 256 1228 294 uxoris.
1309 260 1421 296 ΜΕΝ.
1462 260 1577 298 etiarn

1343 337 1445 361 nunc
1467 338 1576 373 nego.

254 385 490 435 egoquidem
530 397 660 433 neque
699 398 888 434 umquam
927 399 1085 424 uxorem
1129 386 1247 424 habui
1287 400 1414 437 neque
1453 389 1579 427 habco

1355 466 1482 502 neque
1503 454 1579 492 buc

168 527 239 561 400
255 527 455 564 umquam,
497 521 706 564 postquam
751 521 864 552 natus
906 528 1005 562 sum,
1046 514 1144 553 intra
1189 524 1339 566 portam
1380 517 1577 566 penetraui

1425 582 1577 631 pedem.

253 644 392 693 prandi
423 643 461 682 in
492 644 594 692 naui,
627 644 720 683 inde
750 645 827 683 huc
857 658 943 682 sum
973 658 1160 694 egressus,
1192 653 1230 684 te
1263 646 1443 684 conueni.
1505 649 1576 685 ER.

1433 712 1576 759 eccere,

252 775 348 826 perii
384 775 552 815 misera!
580 788 700 826 quam
731 782 772 814 tu
808 774 902 813 mihi
938 789 1043 814 nunc
1074 789 1216 815 nauem
1246 777 1406 814 narras?
1463 777 1576 814 Max.
1599 791 1640 822 50

281 835 286 837 ’
1399 840 1577 891 ligneam,

251 918 369 955 saepe
388 905 530 952 tritam,
553 918 670 956 saepe
690 905 818 951 fixam,
842 918 958 955 saepe
979 918 1181 943 excussam
1204 907 1369 952 malleo;

251 969 364 1019 quasi
383 971 558 1023 supellex
579 969 772 1019 pellionis,
795 971 907 1020 palus
928 971 1018 1019 palo
1038 978 1278 1019 proxumust.

163 1044 231 1081 405
253 1035 329 1072 ER.
360 1033 480 1081 †iam,
502 1034 657 1081 amabo,
681 1034 847 1073 desine†
870 1035 984 1073 ludos
1012 1035 1138 1073 facere
1158 1043 1276 1085 atque
1297 1034 1306 1072 i
1329 1036 1401 1073 hac
1423 1048 1577 1074 mecum

1441 1101 1576 1138 semul.

251 1165 366 1204 ΜΕΝ.
398 1164 534 1204 nescio
559 1178 689 1215 quem,
713 1164 861 1212 mulier,
884 1164 1004 1204 alium
1032 1164 1246 1212 hominem,
1269 1177 1349 1204 non
1377 1178 1440 1203 me
1465 1178 1578 1215 quae-

1475 1238 1575 1268 ritas.

252 1297 328 1334 ER.
345 1309 426 1335 non
442 1309 516 1347 ego
529 1303 568 1335 te
580 1296 675 1335 noui
691 1296 1195 1343 Menaechmum,Moscho
1208 1303 1441 1346 prognatum
1456 1303 1577 1345 patre,
1597 1307 1637 1339 55

249 1360 318 1411 qui
338 1360 537 1411 Syracusis
558 1360 765 1411 perhibere
785 1369 900 1399 natus
920 1373 1006 1399 esse
1026 1361 1065 1399 in
1087 1360 1227 1406 Sicilia,

103 1439 231 1475 409-10
249 1425 318 1465 ubi
338 1439 404 1464 rex
423 1426 664 1476 Agathocles
684 1433 866 1476 regnator
886 1425 957 1464 suit
978 1433 1016 1464 et
1037 1425 1175 1464 iterum
1199 1425 1364 1472 Phintia,

248 1491 406 1530 tertium
428 1490 584 1541 Liparo,
605 1490 672 1540 qui
693 1489 732 1528 in
755 1497 880 1528 morte
900 1503 1062 1540 regnum
1086 1489 1253 1528 Hieroni
1274 1489 1444 1537 tradidit,

249 1569 356 1595 nunc
377 1556 503 1595 Hiero
524 1557 612 1595 est?
669 1557 784 1594 ΜΕΝ.
808 1557 885 1594 hau
907 1556 1012 1602 falsa,
1036 1555 1184 1602 mulier,
1207 1555 1408 1606 praedicas
1469 1556 1574 1594 MES.

1286 1632 1356 1668 pro
1377 1619 1554 1669 Iuppiter
1568 1622 1576 1658 !

250 1688 346 1725 mim
366 1685 646 1737 istaecmulier
665 1683 771 1722 illinc
792 1683 900 1722 uenit
921 1696 1022 1734 quae
1042 1691 1080 1722 te
1101 1683 1211 1722 nouit
1231 1691 1310 1721 tam
1332 1685 1448 1722 cate?
1596 1691 1638 1723 60

119 1760 230 1799 414-5
252 1753 367 1790 ΜΕΝ.
404 1751 533 1790 hercle
577 1749 729 1801 opinor,
769 1748 970 1801 pernegari
1012 1762 1092 1787 non
1136 1755 1277 1799 potest.
1377 1749 1481 1786 MES.
1527 1761 1577 1786 ne

1427 1812 1573 1851 feceris.

246 1880 407 1932 periisti,
427 1880 459 1920 si
480 1880 653 1920 intrassis
673 1881 774 1920 intra
794 1880 926 1920 limen.
986 1881 1100 1918 MEN.
1131 1877 1226 1929 quin
1247 1885 1288 1916 tu
1310 1885 1394 1916 tace
1415 1878 1546 1917 modo.

247 1946 349 1986 bene
369 1960 429 1986 res
449 1946 603 1997 geritur.
663 1946 903 1985 adsentabor
923 1944 1119 1996 quidquid
1140 1943 1244 1983 dicet
1265 1942 1426 1990 mulieri,

246 2011 279 2050 si
298 2025 460 2062 possum
481 2011 696 2062 hospitium
718 2009 902 2049 nancisci.
961 2009 1039 2048 iam
1061 2010 1228 2056 dudum,
1249 2007 1397 2055 mulier,
1420 2006 1489 2045 tibi

101 2089 229 2125 419-20
246 2090 327 2116 non
348 2077 564 2128 inprudens
583 2076 846 2116 aduorsabar:
877 2077 984 2114 hunc
1004 2074 1229 2114 metuebam
1251 2073 1291 2111 ni
1312 2086 1422 2111 meae
1592 2080 1632 2122 65

246 2141 355 2180 uxori
375 2141 614 2181 renuntiaret
634 2141 685 2180 de
704 2142 808 2191 palla
827 2147 865 2179 et
886 2141 936 2179 de
956 2139 1132 2190 prandio.

245 2220 366 2255 nunc,
378 2207 540 2257 quando
556 2205 627 2254 uis,
641 2218 778 2244 eamus
793 2204 906 2243 intro.
957 2205 1031 2242 ER.
1055 2203 1172 2243 etiam
1189 2201 1399 2253 parasitum
1415 2202 1572 2240 manes?

286 2319 351 2350 405
375 2308 510 2351 desine]
528 2308 653 2341 desiste
668 2307 838 2339 Hecker'sen
970 2316 1032 2346 412
1058 2305 1142 2355 salsa
1158 2304 1231 2339 Ital.
1246 2317 1251 2337 :
1276 2303 1364 2336 salsa
1379 2303 1444 2353 ‘05¹-
1462 2303 1493 2342 (s
1510 2308 1572 2344 pro

242 2352 800 2436 ΣέῐνὶὲειῐέυηῒίὃὲῐῗοέεᾷἐὲξῗΒἨ
841 2359 950 2390 414-5
968 2349 1019 2381 vel
1031 2359 1135 2390 opino
1245 2357 1374 2388 419-20
1397 2346 1445 2387 ni]
1464 2357 1506 2377 ne
1522 2344 1570 2377 ΒΖ
