1737 2765
55 155 123 191 IV.
146 155 174 191 ii
563 157 608 193 T.
644 157 823 197 MACCI
857 158 1059 196 PLAVTI

146 269 183 301 et
204 264 375 314 negabas
399 278 461 303 me
481 265 650 312 nouisse,
674 265 921 317 peregrinum
941 266 1050 305 aibas
1071 280 1156 305 esse
1176 269 1244 306 te?

148 330 262 368 ΜΕΝ.
295 328 390 380 quin
420 337 462 369 ut
492 332 645 370 dudum
676 331 820 370 diuorti
847 345 917 383 aps
945 340 992 378 te,
1026 334 1144 371 redeo
1176 345 1282 371 nunc
1313 333 1475 371 demum
1495 335 1562 380 635

1296 399 1474 436 domurn.

146 459 213 497 PE.
246 459 341 498 noui
362 473 435 510 ego
456 468 506 499 te.
564 474 644 499 non
666 460 762 499 mihi
783 462 973 500 censebas
994 475 1079 501 esse
1100 462 1167 512 qui
1191 470 1229 501 te
1256 461 1474 501 ulciscerer.

143 523 279 562 omnia
299 526 429 563 hercle
450 525 559 564 uxori
579 525 672 565 dixi.
736 527 851 564 ΜΕΝ.
883 526 980 576 quid
1001 527 1162 566 dixisti?
1228 529 1295 565 ΡΕ.
1328 527 1474 574 nescio,

83 599 122 634 75
144 601 231 626 eam
261 588 368 639 ipsus
398 587 443 642 [i]
471 603 574 640 roga.
652 592 767 628 ΜΕΝ.
799 590 897 641 quid
927 592 1005 630 hoc
1029 599 1099 638 est,
1131 593 1256 630 uxor?
1285 591 1475 642 quidnam

1103 655 1166 693 hic
1186 655 1356 694 narrauit
1376 655 1477 695 tibi?

143 717 240 768 quid
261 718 300 758 id
322 721 409 758 est?
438 719 534 770 quid
555 721 691 758 taces?
747 720 844 770 quin
864 720 963 759 dieis
988 720 1085 770 quid
1112 720 1190 759 sit?
1247 723 1333 759 MA.
1363 721 1475 771 quasi

1246 792 1287 823 tu
1308 785 1473 825 nescias.

143 850 245 898 palla
266 848 361 886 mihi
378 856 436 887 est
452 851 574 888 domo
591 856 782 899 surrupta.
833 852 948 888 ΜΕΝ.
972 851 1075 900 palla
1095 857 1274 900 surrupta
1293 857 1352 888 est
1372 849 1473 888 tibi?
1490 852 1583 897 639ιι

146 914 230 951 MA.
262 926 324 952 me
354 916 495 964 rogas?
566 916 681 953 MEN.
714 916 780 965 pol
808 916 886 953 hau
914 928 1048 964 rogem
1078 922 1116 954 te
1150 914 1181 952 si
1208 914 1341 953 seiam.
1401 916 1472 953 PE.
1491 916 1564 960 640

1044 993 1069 1018 o
1089 979 1292 1018 hominem
1312 980 1474 1028 malum,

143 1050 185 1081 ut
206 1042 426 1083 dissimulat
443 1047 449 1082 !
507 1057 588 1083 non
608 1052 721 1095 potes
741 1046 868 1083 celare
889 1059 895 1083 :
926 1058 1008 1083 rem
1029 1044 1141 1083 nouit
1162 1044 1298 1094 probe.

80 1113 122 1144 80
142 1109 276 1148 omnia
314 1111 445 1148 hercle
483 1123 556 1160 ego
595 1109 777 1149 edictaui.
855 1111 971 1148 ΜΕΝ.
1012 1109 1109 1160 quid
1147 1109 1188 1148 id
1225 1110 1314 1149 est?
1388 1110 1473 1148 MA.

1096 1176 1257 1225 quando
1277 1174 1332 1213 nil
1352 1175 1477 1226 pudet

141 1252 270 1289 neque
291 1238 350 1278 uis
372 1247 437 1278 tua
458 1242 662 1278 uoluntate
682 1239 765 1291 ipse
786 1239 969 1290 profiteri,
992 1239 1085 1278 audi
1105 1247 1224 1290 atque
1244 1240 1351 1278 ades.

140 1312 179 1343 et
199 1304 295 1354 quid
316 1304 434 1343 tristis
453 1303 563 1357 (sim)
582 1312 621 1343 et
641 1305 737 1355 quid
758 1305 822 1343 hic
843 1304 939 1342 mihi
960 1304 1100 1344 dixerit
1120 1306 1208 1343 faxo
1228 1304 1340 1343 scias.

141 1370 244 1420 palla
265 1368 361 1407 mihi
381 1377 438 1408 est
459 1371 582 1409 domo
602 1377 792 1421 surrupta.
852 1372 967 1408 ΜΕΝ.
990 1371 1094 1420 palla
1113 1377 1328 1421 surruptast
1349 1370 1476 1408 mihi?
1493 1373 1559 1418 645

143 1436 212 1473 PE.
244 1433 364 1474 uiden
386 1442 428 1473 ut
441 1433 516 1487 (te)
534 1437 722 1474 scelestus
743 1437 903 1485 captat?
931 1435 1023 1474 huic
1043 1442 1270 1486 surruptast,
1289 1449 1370 1475 non
1390 1435 1474 1475 tibi.

82 1505 122 1544 85
143 1513 234 1538 nam
255 1501 434 1550 profecto
452 1500 523 1539 tibi
544 1508 725 1551 surrupta
744 1501 775 1539 si
796 1502 1063 1540 esset—salua
1082 1514 1164 1539 non
1184 1502 1294 1539 foret.

143 1567 258 1604 ΜΕΝ.
289 1564 345 1603 nil
375 1565 472 1604 mihi
501 1573 632 1605 tecum
663 1573 731 1605 est.
786 1568 856 1606 sed
886 1574 927 1605 tu
957 1566 1054 1616 quid
1082 1566 1169 1604 ais?
1244 1567 1329 1604 MA.
1359 1567 1475 1617 palla,

1007 1631 1180 1681 inquam,
1203 1630 1318 1681 periit
1338 1632 1474 1671 domo.

142 1698 256 1735 MEN.
289 1696 376 1747 quis
415 1710 503 1735 eam
541 1695 767 1747 surrupuit?
848 1696 933 1735 MA.
965 1697 1032 1747 pol
1071 1695 1171 1734 istuc
1204 1695 1269 1735 ille
1302 1696 1375 1735 scit
1408 1696 1477 1748 qui

1174 1761 1281 1801 illam
1300 1762 1473 1813 apstulit.

142 1828 257 1866 ΜΕΝ.
298 1827 386 1878 quis
424 1828 456 1866 is
501 1829 623 1866 homo
667 1829 755 1866 est?
846 1829 930 1866 MA.
969 1828 1260 1866 Menaechmus
1298 1827 1472 1877 quidam.
1493 1835 1564 1880 650

801 1894 916 1930 ΜΕΝ.
949 1891 1092 1942 edepol
1113 1893 1260 1930 factum
1281 1891 1473 1942 nequiter.

140 1957 227 2008 quis
266 1957 297 1996 is
337 1959 672 1997 Menaechmust?
759 1959 842 1996 MA.
884 1964 926 1996 tu
964 1956 1062 2004 istic,
1104 1956 1278 2007 inquam.
1355 1958 1472 1996 ΜΕΝ.

619 2024 774 2073 egone?
830 2024 914 2060 MA.
947 2029 1000 2060 tu.
1061 2024 1177 2060 ΜΕΝ
1210 2021 1297 2072 quis
1317 2021 1475 2073 arguit?

180 2127 245 2166 638
269 2137 342 2157 eam
374 2127 450 2166 plus
485 2126 566 2168 (3¹)
600 2126 648 2157 vel
677 2136 836 2166 eampsus
866 2126 897 2156 ei
926 2126 971 2166 (v.
996 2126 1032 2166 3)
1062 2125 1169 2167 (PCD)
1198 2124 1264 2157 cod.
1294 2126 1384 2167 (corr.
1409 2126 1471 2168 3²)

137 2172 220 2209 639²
234 2171 303 2202 secl.
316 2170 385 2202 edi.
403 2170 453 2212 (cs.
469 2172 510 2209 64
515 2171 550 2209 5)
565 2171 639 2208 for-,t
657 2175 740 2210 recte,
759 2181 840 2201 nam
852 2173 957 2210 potest
972 2180 1084 2200 versus
1099 2170 1150 2200 lu'c
1163 2169 1311 2214 &iz-inqu
1314 2169 1475 2210 dscriptus

139 2218 176 2244 ut
193 2225 244 2245 vv.
261 2216 345 2253 640-
334 2224 368 2254 -5
385 2216 609 2245 omitterentur
623 2215 690 2245 veri
706 2224 773 2244 vers
777 2225 818 2244 us
837 2214 944 2244 locum
967 2214 1178 2255 usurpavisse
1290 2214 1351 2252 641
1378 2214 1474 2245 nouit

137 2257 333 2288 Aciffdalms
326 2282 333 2288 .
356 2259 437 2288 noui
450 2258 514 2289 cod.
635 2259 699 2297 643
721 2258 834 2288 audiat
850 2257 907 2296 qui
923 2256 990 2289 cod.
1011 2258 1102 2296 (corr.
1121 2255 1188 2296 3²)
1320 2258 1385 2296 644
1409 2257 1472 2288 sim

137 2300 212 2332 add.
229 2300 377 2341 Pylades,
396 2300 585 2332 Lambinus
740 2302 805 2340 645
829 2300 911 2331 mihi
928 2299 1066 2340 quidam
1083 2305 1135 2340 ap.
1156 2299 1365 2331 Lambt'num
1381 2311 1388 2331 :
1413 2300 1473 2331 tibi

136 2344 205 2376 cod.
345 2346 411 2384 646
434 2346 551 2376 uident
568 2344 636 2377 cod.
658 2346 751 2385 (corr.
778 2343 843 2384 13²)
933 2349 967 2375 te
991 2343 1066 2374 add.
1085 2343 1274 2374 Lambinus
1361 2348 1473 2384 captat

140 2388 375 2420 Camerarius:
408 2389 518 2428 capiat
543 2389 608 2420 cod.
757 2389 819 2427 647
846 2388 932 2429 non]
958 2398 1048 2419 nunc
1066 2386 1277 2418 Camerarius
1407 2389 1473 2427 650

138 2431 167 2462 is
183 2431 286 2463 Brt'x:
311 2432 364 2462 hic
381 2431 446 2463 cod.
