1737 2765
736 166 1088 205 MENAECHMI
1523 172 1567 208 V.
1591 181 1620 207 v

251 278 365 315 ΜΕΝ.
395 274 492 315 abiit
521 288 690 323 socerus,
719 275 800 314 abit
830 276 1018 315 medicus,
1079 291 1183 315 nunc
1213 279 1318 316 solus
1345 292 1441 317 sum.
1502 293 1572 330 pro

1374 343 1569 394 luppiter!

247 404 344 456 quid
364 405 456 443 illuc
476 412 534 443 est
555 405 664 455 quod
685 405 776 442 med
799 404 905 443 hisce
927 405 1107 443 homines
1128 405 1295 445 insanire
1316 407 1570 456 praedicant?
1590 422 1628 453 55

249 483 339 508 nam
369 469 567 519 equidem,
597 477 806 519 postquam
837 478 977 519 gnatus
1008 484 1106 517 sum,
1130 484 1343 521 numquam
1375 473 1569 521 aegrotaui

1327 550 1446 573 unum
1468 536 1572 574 diem

161 606 231 650 960
249 613 378 650 neque
398 612 472 650 ego
494 599 647 638 insanio
669 612 798 649 neque
819 613 969 649 pugnas
991 614 1119 650 neque
1140 614 1212 651 ego
1233 600 1309 638 litis
1329 601 1479 650 coepio.

248 666 379 703 saluos
400 665 530 702 saluos
551 664 648 703 alios
670 664 799 711 uideo,
824 665 916 703 noui
936 664 1045 717 (ego)
1064 665 1255 712 homines,
1277 667 1481 715 adloquor.

247 743 299 767 an
320 728 374 767 illi
395 741 598 779 perperam
621 728 790 767 insanire
813 743 875 767 nie
895 729 1015 775 aiunt,
1039 729 1110 780 ipsi
1133 729 1363 768 insaniunt?

248 793 345 844 quid
365 807 440 844 ego
461 807 566 832 nune
587 793 758 832 faciam?
795 795 960 832 domum
983 794 1036 833 ire
1057 794 1173 844 cupio
1193 809 1199 831 :
1230 797 1324 832 uxor
1345 808 1422 834 non
1445 794 1560 842 sinit;
1595 804 1638 837 60

250 861 329 898 huc
367 866 500 897 autem
536 872 655 898 nemo
694 858 927 897 intromittit.
999 859 1105 897 nimi'
1145 868 1379 910 prouentum
1414 868 1472 899 est
1515 874 1578 898 ne-

1439 925 1576 976 quiter.

161 992 230 1037 965
251 989 315 1029 hic
335 1003 403 1028 ero
416 1003 541 1040 usque
558 1003 570 1037 3
596 990 647 1028 ad
662 997 821 1028 noctem
842 991 992 1037 saltem,
1007 991 1135 1036 credo,
1156 989 1388 1029 intromittar
1401 992 1575 1030 domum.

765 1100 1061 1138 MESSENlo
1595 1104 1640 1142 vi

307 1183 413 1220 MES.
446 1183 683 1232 Spectamen
706 1182 816 1220 bono
835 1194 950 1219 seruo
972 1180 1011 1220 id
1033 1189 1100 1227 est,
1124 1181 1190 1232 qui
1212 1194 1293 1220 rem
1314 1180 1445 1220 erilem

306 1254 499 1297 procurat,
523 1246 643 1293 uidet,
667 1247 850 1285 conlocat
870 1245 1105 1296 cogitatque,

308 1319 350 1350 ut
369 1319 532 1362 apsente
553 1325 620 1350 ero
640 1325 721 1350 rem
743 1311 797 1350 eri
818 1311 1026 1361 diligenter

362 1383 509 1415 tutetur
528 1366 648 1426 quain]
669 1376 700 1415 si
722 1365 806 1427 ipse
825 1376 930 1416 adsit
948 1384 1015 1415 aut
1035 1377 1186 1416 rectius.

166 1454 237 1491 970
309 1449 459 1492 tergum
480 1455 599 1491 quam
619 1443 763 1492 gulam,
786 1455 898 1481 crura
917 1455 1037 1492 quam
1058 1450 1234 1481 uentrem
1255 1449 1408 1492 oportet
1602 1458 1620 1490 5

362 1506 516 1557 potiora
535 1520 621 1545 esse
641 1507 736 1557 quoi
756 1520 825 1546 cor
845 1508 1025 1546 modeste
1045 1507 1210 1545 siturnst.

416 1570 641 1610 recordetur
660 1571 713 1619 id,
735 1571 803 1622 qui
824 1571 936 1610 nihili
956 1580 1058 1619 sunt,
1081 1572 1177 1622 quid
1198 1571 1252 1611 eis
1272 1571 1370 1622 preti

255 1637 370 1676 detur
388 1636 441 1675 ab
461 1635 540 1675 suis
561 1636 645 1684 eris,
669 1636 832 1687 ignauis,
855 1636 1031 1687 inprobis
1052 1636 1143 1675 uiris
1162 1652 1168 1675 :

526 1701 699 1748 uerbera,
723 1703 950 1752 compedes,

168 1774 234 1812 975
310 1768 450 1814 molae,
473 1764 648 1820 [magna]
671 1766 873 1814 lassitudo,
896 1768 1031 1814 fames,
1054 1767 1161 1818 frigu'
1181 1768 1335 1815 durum,
1603 1784 1642 1806 10

470 1832 568 1870 haec
588 1831 712 1882 pretia
731 1839 823 1870 sunt
843 1831 1033 1883 ignauiae.

254 1895 295 1935 id
315 1909 390 1947 ego
410 1898 512 1935 male
532 1898 680 1935 malum
701 1896 837 1936 metuo
854 1912 860 1936 :
896 1904 1102 1948 propterea
1123 1897 1271 1936 bonum
1293 1910 1377 1936 esse
1397 1904 1584 1936 certumst

1452 1970 1581 2011 potius

297 2076 362 2106 957
376 2065 457 2106 sort.
487 2077 517 2098 a.
551 2076 669 2098 socrus
700 2067 770 2098 ab'it
797 2067 912 2107 (Arch,
938 2066 1014 2099 Lat.
1043 2066 1122 2097 Lex.
1154 2075 1202 2105 12,
1231 2066 1313 2106 592)
1403 2076 1491 2096 nunc
1523 2064 1580 2097 del.

258 2109 403 2149 Guietus,
430 2110 581 2150 rhythmo
605 2111 775 2142 consulens
948 2111 1013 2150 958
1035 2108 1170 2153 (nunc)
1186 2120 1239 2141 me
1267 2110 1327 2149 (ita
1347 2108 1430 2149 cod.)
1451 2107 1588 2139 Mueller

257 2152 390 2194 (Rhein.
417 2153 506 2185 Mus.
527 2162 579 2194 54,
606 2155 685 2194 393)
713 2155 766 2195 (cf.
787 2156 868 2194 957)
973 2153 1027 2185 hic
1043 2153 1109 2184 cod.
1130 2154 1181 2194 (ef.
1210 2163 1274 2193 997
1295 2153 1361 2183 illie
1378 2158 1440 2193 pro
1464 2151 1582 2189 illisce)

255 2198 322 2237 960
338 2197 456 2236 coepio
482 2201 621 2228 testatur
638 2198 771 2229 Nonius
794 2198 859 2238 89:
882 2198 982 2238 cupio
997 2197 1062 2228 cod.
1197 2198 1258 2236 961
1285 2206 1351 2236 ego
1367 2195 1442 2227 add.
1463 2195 1586 2226 Ritscm

257 2238 365 2283 (hos)
380 2241 468 2272 hom.
481 2240 621 2272 Mueller
631 2241 765 2282 (Rhein.
781 2241 870 2273 Mus.
891 2251 942 2281 54,
957 2242 1037 2281 393)
1097 2241 1178 2280 sort.
1197 2240 1350 2271 homines
1369 2240 1480 2278 uideo,
1502 2239 1580 2269 noui

257 2285 323 2323 962
347 2293 525 2324 perperam
545 2284 645 2316 Ital.:
669 2285 849 2325 perderam
872 2284 938 2316 cod.
966 2285 1013 2326 (D
1029 2289 1092 2325 pro
1109 2284 1154 2321 P)
1306 2285 1370 2324 965
1395 2293 1455 2314 ero
1476 2282 1580 2313 Pius:

257 2337 342 2366 ergo
358 2327 424 2359 cod.
516 2338 596 2359 usce
612 2327 678 2361 cod.
812 2329 879 2369 968
902 2327 1015 2370 (tam)
1040 2337 1110 2358 rem
1127 2326 1262 2366 Ritschl,
1281 2327 1334 2357 cui
1345 2326 1456 2357 hiatus
1470 2327 1503 2356 in
1512 2325 1582 2364 fine

258 2369 452 2402 hemistichii
463 2371 604 2412 displicet
718 2374 785 2412 969
807 2372 858 2404 vel
869 2372 964 2412 quasi
1083 2381 1148 2410 972
1171 2369 1347 2414 re[corde]
1364 2369 1521 2402 cordetur
1537 2368 1577 2405 Β,

260 2414 347 2445 unde
360 2415 464 2446 corde
486 2415 702 2446 reccordetur
715 2414 859 2458 Spengel
875 2415 986 2456 (troch.
1004 2417 1176 2456 septenar.)
1298 2423 1363 2453 975
1387 2422 1506 2451 magna
1522 2410 1578 2441 del.

259 2457 392 2499 Ritschl,
411 2459 509 2490 metri
519 2469 620 2490 causa
