1737 2765
742 125 1096 167 MENAECHMI

771 342 1009 390 ACTVS
1060 345 1079 390 I

756 476 1077 515 PEN1CVLvs

255 555 322 592 PE.
357 554 550 594 quentus
570 569 716 595 nomen
742 557 831 595 fecit
854 557 1043 596 Peniculo
1064 558 1171 606 mihi,

253 618 345 657 ideo
365 620 457 670 quia
478 634 654 659 mensam
675 623 837 672 quando
857 624 934 661 cdo
954 624 1150 674 detergeo.

252 683 434 723 homines
456 685 634 736 captiuos
655 686 721 736 qui
743 687 890 726 catenis
912 688 1091 727 uinciunt

189 752 235 787 80
252 756 290 788 et
310 749 379 800 qui
399 750 571 800 fugitiuis
591 751 713 790 seruis
734 751 875 791 indunt
896 754 1112 804 compedis,

252 815 359 854 nimi’
379 817 496 855 stulte
517 816 663 855 faciunt
685 830 772 856 mea
792 818 953 868 quidem
975 819 1178 858 sententia.

251 894 343 919 narn
365 880 516 920 h6mini
538 881 680 920 misero
700 881 731 919 si
751 883 803 920 ad
824 884 969 921 malum
990 883 1143 922 accedit
1165 885 1322 933 malum,

251 946 374 985 maior
394 946 532 985 lubido
552 954 610 985 est
630 947 762 997 fugere
782 954 819 985 et
840 948 966 987 facere
986 948 1175 999 nequiter.

250 1024 343 1050 nam
363 1024 404 1050 se
424 1025 471 1050 ex
490 1011 639 1051 catenis
659 1011 836 1050 eximunt
855 1012 988 1063 aliquo
1009 1016 1141 1053 modo.

186 1074 229 1127 83
250 1083 334 1115 tum
355 1077 570 1128 compediti
589 1077 625 1116 ei
646 1074 766 1116 anum
788 1077 880 1116 lima
900 1083 1144 1128 praeterunt*

249 1149 317 1181 aut
336 1142 467 1194 lapide
487 1142 689 1182 excutiunt
710 1145 877 1182 clauom,
937 1157 1064 1194 nugae
1084 1152 1175 1183 sunt
1194 1157 1275 1191 eae.

250 1221 369 1258 quem
390 1215 432 1247 tu
451 1209 659 1248 adseruare
679 1216 784 1248 recte
804 1223 854 1248 ne
874 1209 1046 1260 aufugiat
1067 1211 1176 1248 uoles

195 1258 239 1297 w*
249 1286 340 1312 esca
358 1281 477 1324 atque
496 1273 659 1324 potione
678 1274 817 1313 uinciri
837 1275 961 1313 decet.

249 1340 356 1390 apud
377 1339 555 1378 mensam
575 1341 733 1390 plenam
754 1338 906 1378 hdmini
926 1345 1093 1378 rostrum
1114 1339 1288 1390 deliges;

184 1416 232 1452 90
249 1405 345 1444 dum
365 1412 408 1443 tu
428 1404 483 1443 illi
503 1405 613 1455 quod
633 1404 714 1444 edit
735 1412 772 1444 et
793 1406 902 1455 quod
922 1412 1031 1456 potet
1051 1405 1250 1456 praebeas,

249 1483 322 1509 suo
341 1469 528 1509 arbitratu
556 1469 560 1521 Ι
585 1471 636 1509 ad
656 1469 766 1508 satim
787 1469 960 1517 cottidie,
1217 1484 1223 1491 ·

249 1549 466 1586 numquam
488 1536 632 1586 edepol
653 1535 784 1586 fugiet,
807 1543 887 1574 tam
908 1534 979 1574 etsi
1000 1535 1150 1591 capita-l?
1163 1534 1306 1590 {ecerit,

249 1601 362 1640 facile
381 1600 621 1648 adseruabis,
643 1601 740 1639 dum
761 1613 809 1639 eo
830 1600 962 1639 uinclo
982 1600 1143 1639 uincies.

249 1666 302 1705 ita
322 1666 441 1706 istaec
462 1666 569 1705 nimi'
589 1667 695 1705 lenta
715 1665 845 1704 uincla
866 1672 955 1704 sunt
975 1664 1144 1704 escaria:

185 1747 228 1784 95
249 1745 369 1783 quam
390 1732 513 1783 magis
533 1722 722 1771 extendas
743 1738 853 1770 tanto
873 1729 1090 1781 astringunt
1109 1729 1239 1769 artius.

250 1811 342 1837 nam
362 1810 436 1850 ego
456 1799 507 1838 ad
529 1799 839 1837 Menaechmum
859 1798 967 1836 hunc
987 1794 1130 1849 (nunc)
1149 1788 1208 1853 ec,
1231 1808 1311 1846 quo
1331 1795 1407 1834 iam
1428 1795 1496 1835 diu

249 1877 336 1903 sum
357 1863 553 1904 iudicatus
567 1878 577 1912 ς
606 1864 707 1902 ultro
728 1876 776 1902 eo
796 1870 839 1901 ut
860 1875 923 1901 me
943 1861 1101 1900 uinciat.
1159 1855 1168 1858 ”

248 1943 340 1969 nam
360 1930 439 1969 illic
458 1931 582 1969 homo
601 1929 783 1968 h6mines
803 1942 885 1968 non
904 1927 983 1976 alit,
1005 1940 1143 1966 uerum
1163 1927 1306 1966 educat

247 2003 498 2046 recreatque:
528 1996 658 2033 nullus
679 1993 819 2033 melius
841 1993 1079 2033 medicinam
1101 1987 1212 2031 facstf
1243 1986 1248 1988 “

294 2109 334 2140 77
359 2099 440 2130 fecit
457 2108 579 2130 nomen
596 2097 686 2130 codd.
703 2097 796 2130 schol.
814 2097 905 2139 Verg.
924 2097 1035 2138 Georg.
1059 2107 1084 2136 1,
1107 2105 1166 2136 137
1299 2095 1341 2126 82
1365 2092 1472 2137 (hoc)
1489 2093 1575 2126 hom.

250 2142 391 2174 Mueller
500 2142 542 2182 85
567 2142 576 2172 i
594 2141 660 2173 cod.
680 2146 718 2172 ut
731 2141 796 2174 vid.
815 2153 822 2173 :
845 2150 909 2172 om.
924 2140 965 2182 B,
979 2139 1066 2171 codd.
1084 2138 1188 2170 Nonii
1200 2148 1265 2180 333
1376 2139 1419 2177 89
1441 2149 1486 2168 an
1503 2135 1580 2179 (ei)

250 2187 308 2220 h.'.1
327 2186 375 2228 (A
395 2196 426 2218 n.
440 2185 482 2227 l.)
596 2196 636 2226 91
652 2185 733 2225 sort.
751 2185 911 2216 arbitratu
929 2183 1080 2226 (usque)
1098 2183 1145 2223 (A
1165 2194 1197 2214 n.
1212 2183 1248 2224 Ι.)
1263 2183 1315 2223 (cf.
1328 2181 1374 2213 ad
1384 2180 1479 2231 Most.
1499 2184 1576 2219 793)

249 2240 292 2270 92
315 2230 351 2260 in
374 2229 408 2260 A
433 2240 534 2270 usque
555 2229 603 2261 ad
630 2240 659 2260 v.
688 2230 748 2260 108
771 2232 904 2259 tantum
931 2233 1118 2268 paucorum
1145 2237 1300 2257 versuum
1333 2226 1423 2256 initta
1453 2227 1578 2255 servata

250 2272 371 2314 edepol
396 2272 504 2313 fugiet
534 2277 602 2304 tam
629 2272 694 2304 etsi
718 2271 878 2312 Pylades:
918 2271 1039 2311 edepol
1073 2270 1141 2312 [te]
1173 2270 1278 2310 fugiet
1310 2270 1388 2300 tiam
1420 2273 1453 2299 et
1484 2268 1510 2298 si
1534 2265 1576 2307 P,

248 2317 282 2348 A
302 2328 335 2349 n.
350 2317 370 2349 l.
389 2329 396 2348 :
422 2316 538 2348 hercle
554 2317 691 2356 effugiet
708 2320 775 2346 tam
788 2315 852 2346 etsi
863 2315 951 2347 codd.
966 2314 1070 2345 Nonii
1083 2314 1125 2353 38
1137 2313 1318 2355 (neglegens
1327 2314 1445 2345 citatio)
1534 2321 1577 2350 94

248 2371 289 2392 ea
309 2361 401 2392 enim
424 2360 495 2391 sere
519 2361 612 2393 lenta
636 2359 770 2391 Nonius
797 2359 858 2390 108
875 2358 1058 2400 (neglegens
1072 2357 1193 2398 citatio)
1329 2357 1372 2395 96
1397 2364 1484 2386 nunc
1499 2353 1575 2385 add.

248 2403 387 2436 Mueller
