1737 2765
699 151 978 191 MENAECH
989 154 1050 191 Ml
1486 163 1532 199 V.
1554 163 1613 200 vii

214 258 288 298 nisi
308 259 470 310 quidem
491 273 564 300 uos
584 268 716 299 uostra
735 273 845 298 crura
864 269 931 298 aut
952 261 1070 300 latera
1091 263 1200 303 nihili
1222 267 1402 316 penditis.

37 347 42 350 -
65 337 100 355 τι
213 336 313 364 caue
331 325 541 376 quisquam
562 326 672 376 quod
691 324 770 363 illic
792 324 991 363 minitetur
1016 336 1191 366 nostrum
1214 331 1325 369 flocci
1348 333 1488 372 fecerit.
1558 349 1575 380 5

126 401 193 438 995
269 389 366 439 quid
385 389 528 428 statis?
558 389 655 440 quid
675 388 896 428 dubitatis?
926 389 1002 428 iam
1025 393 1234 433 sublimem
1256 407 1407 447 raptum
1429 411 1537 447 opor-

1454 462 1535 499 tuit.

267 532 341 570 ego
374 519 442 559 ibo
474 520 524 558 ad
559 519 757 558 medicum
781 534 787 556 :
831 527 985 569 praesto
1019 533 1086 558 ero
1117 520 1182 574 issi,
1212 536 1332 572 quom
1361 525 1535 563 ueniens.

1247 589 1360 625 ΜΕΝ.
1385 589 1509 627 occidi
1531 593 1537 628 l

266 649 363 700 quid
384 650 460 689 hoc
481 651 539 689 est
560 649 724 700 negoti?
753 649 850 699 quid
870 649 991 688 illisce
1011 649 1193 689 homines
1213 653 1264 690 ad
1286 666 1348 691 me
1368 662 1536 701 currunt,

1347 732 1511 768 opsecro
1523 721 1540 756 ?

267 779 363 830 quid
394 780 511 819 uoltis
543 781 647 818 uos?
684 779 781 830 quid
810 779 1067 829 quaeritatis?
1104 781 1200 830 quid
1234 795 1296 820 me
1326 782 1539 821 circumsis-

621 853 625 859 ·
1434 848 1511 886 titis
1524 850 1540 886 ?

267 924 348 961 quo
381 910 514 961 rapitis
543 912 639 950 me?
669 924 750 962 quo
778 910 884 950 fertis
914 912 1009 949 me?
1042 910 1150 961 perii,
1176 925 1340 962 opsecro
1369 921 1539 952 nostram
1562 928 1600 950 ιο

1409 979 1538 1024 fidem,

106 1053 196 1080 1000
269 1040 610 1091 Epidamnienses,
634 1039 853 1087 subuenite,
877 1040 1008 1079 ciues!
1038 1041 1134 1091 quin
1156 1055 1220 1080 me
1242 1042 1422 1081 mittitis?

269 1107 374 1144 Mas.
399 1119 472 1157 pro
492 1107 532 1144 di
553 1105 779 1144 inmortales
800 1108 806 1143 !
841 1118 1018 1155 opsecro,
1036 1106 1134 1155 quid
1153 1119 1227 1156 ego
1247 1107 1371 1145 oculis
1392 1108 1540 1158 aspicio

1415 1172 1540 1211 meis?

265 1249 376 1275 erum
396 1249 529 1274 meum
548 1235 835 1286 indignissume
855 1235 1059 1286 nescioqui
1080 1236 1288 1275 sublimem
1309 1238 1447 1277 ferunt.

267 1303 384 1340 MEN.
415 1300 551 1352 ecquis
579 1300 780 1352 suppetias
809 1300 862 1339 mi
891 1301 1011 1352 audet
1031 1302 1162 1339 ferre?
1218 1302 1322 1340 Mes.
1356 1304 1438 1352 ego,
1462 1316 1536 1349 ere,

1255 1366 1537 1405 audacissume.

265 1447 293 1472 o
310 1432 463 1471 facinus
482 1431 688 1482 indignum
709 1438 747 1470 et
768 1432 926 1477 mamm,
951 1431 1179 1481 Epidamnii
1200 1430 1317 1478 ciues,
1339 1445 1448 1470 erum
1564 1448 1599 1480 ¹5

106 1509 194 1547 1005
266 1511 401 1536 meum
421 1497 486 1536 hie
505 1497 546 1536 in
565 1504 706 1547 pacato
725 1497 876 1547 oppido
895 1496 974 1535 luci
993 1496 1162 1548 deripier
1181 1496 1221 1535 in
1242 1497 1316 1544 uia,

374 1561 443 1613 qui
462 1562 560 1601 liber
578 1563 631 1601 ad
650 1575 722 1600 uos
743 1561 894 1601 uenerit
911 1565 917 1599 !

213 1626 354 1666 mittite
374 1626 513 1666 istunc.
574 1628 692 1665 MEN.
723 1639 888 1677 opsecro
917 1634 966 1674 te,
989 1626 1168 1677 quisquis
1187 1640 1239 1674 ες,
1263 1640 1422 1678 operam
1443 1627 1538 1666 mihi

1407 1701 1449 1731 ut
1469 1694 1539 1732 des

212 1772 290 1798 neu
309 1759 415 1798 sinas
434 1758 476 1797 in
496 1772 560 1798 me
579 1758 762 1810 insignite
783 1759 865 1797 fieri
887 1766 1037 1797 tantam
1058 1758 1248 1797 iniuriam.

214 1826 319 1864 Mas.
351 1824 476 1864 immo
505 1832 544 1864 et
582 1838 742 1876 operam
777 1825 884 1864 dabo
917 1833 955 1863 et
990 1825 1203 1864 defendam
1241 1831 1279 1863 et
1317 1823 1540 1863 subuenibo
1561 1839 1600 1861 20

1387 1889 1535 1928 sedulo.

105 1968 196 1995 1010
212 1969 431 2007 numquam
452 1963 490 1995 te
510 1956 634 2008 patiar
652 1956 788 2008 perire,
812 1970 875 1995 me
895 1955 1057 2007 perirest
1075 1954 1250 2005 aequius.

212 2023 318 2074 eripe
337 2025 499 2062 oculum
519 2023 620 2072 istic,
636 2024 688 2063 ab
709 2037 846 2063 umero
867 2023 934 2074 qui
956 2030 1076 2070 tenet,
1097 2035 1171 2069 ere,
1195 2029 1233 2060 te
1253 2034 1453 2072 opsecrose

213 2088 321 2128 hisce
340 2103 414 2140 ego
433 2089 511 2128 iam
531 2097 750 2128 sementem
771 2089 811 2127 in
832 2101 899 2128 ore
919 2087 1059 2126 faciam
1080 2099 1313 2137 pugnosque
1333 2099 1523 2136 opseram.
1583 2088 1586 2091 ’

254 2205 320 2235 993
342 2195 425 2226 nihil
442 2195 476 2227 Β
576 2206 640 2236 995
664 2196 748 2227 satis
763 2194 830 2226 cod.
849 2194 942 2233 (corr.
960 2192 1021 2232 13²)
1111 2196 1268 2232 oportum
1295 2190 1366 2221 ΡΠ)
1473 2201 1535 2230 997

213 2239 303 2278 quod
319 2238 339 2271 i.
358 2238 448 2270 Bach
539 2240 606 2271 illic
626 2239 693 2271 cod.
722 2239 772 2279 (cf.
797 2238 863 2278 958
887 2237 942 2267 hic
958 2240 1020 2276 pro
1037 2235 1143 2275 hisce)
1277 2235 1343 2275 998
1367 2234 1430 2266 uol.
1453 2244 1537 2273 quos

211 2281 279 2314 cod.
309 2282 404 2323 (corr.
433 2284 467 2314 in
494 2282 543 2322 D)
635 2283 761 2314 circum
791 2282 881 2313 stitis
911 2279 977 2310 cod.
1123 2288 1205 2318 1003
1229 2278 1285 2309 vix
1313 2278 1391 2308 mihi
1425 2277 1536 2308 auidet

215 2327 364 2366 1005—65
381 2327 418 2358 in
429 2327 464 2356 A
480 2326 638 2366 nilu'lsere
653 2327 769 2368 legitur
881 2333 963 2362 1007
982 2332 1019 2354 es
1032 2333 1098 2354 om.
1109 2322 1142 2352 Β
1229 2326 1264 2352 ut
1278 2322 1337 2352 des
1350 2321 1396 2351 Βπ
1412 2333 1418 2351 :
1443 2321 1536 2350 uides

209 2369 277 2401 cod.
295 2370 353 2409 (vi.
368 2381 394 2407 1,
415 2380 446 2411 p.
465 2371 521 2409 86)
637 2380 720 2411 1009
743 2371 796 2401 im.
816 2378 870 2408 op.
893 2368 972 2397 (om.
989 2367 1037 2406 et)
1052 2365 1184 2396 Gur'etus
1300 2374 1378 2395 ιοῐο
1395 2364 1537 2404 perir-est

211 2414 352 2453 aequius
370 2414 580 2445 Camerarius
595 2425 603 2445 ε
627 2414 757 2446 derires
774 2418 807 2443 te
824 2411 918 2443 cuius
937 2410 971 2450 (i.
989 2411 1026 2448 5)

256 2489 374 2511 ΡιΑντ.
395 2489 405 2510 1
1410 2473 1451 2503 ‘28
